%YAML 1.1
%TAG !u! tag:unity3d.com,2011:
--- !u!1 &4444679457742563179
GameObject:
  m_ObjectHideFlags: 0
  m_CorrespondingSourceObject: {fileID: 0}
  m_PrefabInstance: {fileID: 0}
  m_PrefabAsset: {fileID: 0}
  serializedVersion: 6
  m_Component:
  - component: {fileID: 4444679457742563176}
  m_Layer: 0
  m_Name: Level1
  m_TagString: Untagged
  m_Icon: {fileID: 0}
  m_NavMeshLayer: 0
  m_StaticEditorFlags: 0
  m_IsActive: 1
--- !u!4 &4444679457742563176
Transform:
  m_ObjectHideFlags: 0
  m_CorrespondingSourceObject: {fileID: 0}
  m_PrefabInstance: {fileID: 0}
  m_PrefabAsset: {fileID: 0}
  m_GameObject: {fileID: 4444679457742563179}
  m_LocalRotation: {x: 0, y: 0, z: 0, w: 1}
  m_LocalPosition: {x: 0, y: 0, z: 0}
  m_LocalScale: {x: 1, y: 1, z: 1}
  m_Children:
  - {fileID: 4449310316795384295}
  - {fileID: 4449310316829411135}
  - {fileID: 4449310317051031114}
  - {fileID: 4449310315378031634}
  - {fileID: 4449310316878603854}
  - {fileID: 4449310315961390981}
  - {fileID: 4449310316218884389}
  - {fileID: 4449310316346136068}
  - {fileID: 4449310315560201473}
  - {fileID: 4449310315428151539}
  - {fileID: 4449310315204235719}
  - {fileID: 4449310315196933348}
  - {fileID: 4449310315227624794}
  - {fileID: 4449310317073746349}
  - {fileID: 4449310316853202639}
  - {fileID: 4449310317192408008}
  - {fileID: 4449310316075178707}
  - {fileID: 4449310316113720025}
  - {fileID: 4449310317289864252}
  - {fileID: 4449310316510101955}
  - {fileID: 4449310317266057495}
  - {fileID: 4449310316138235527}
  - {fileID: 4449310316099909024}
  - {fileID: 4449310315371929840}
  - {fileID: 4449310316656424724}
  - {fileID: 4449310316451017090}
  - {fileID: 4449310316005856338}
  m_Father: {fileID: 0}
  m_RootOrder: 0
  m_LocalEulerAnglesHint: {x: 0, y: 0, z: 0}
--- !u!1001 &4444679455769640832
PrefabInstance:
  m_ObjectHideFlags: 0
  serializedVersion: 2
  m_Modification:
    m_TransformParent: {fileID: 4444679457742563176}
    m_Modifications:
    - target: {fileID: 1777424294477136, guid: 79d779433f4014344aafaba426f9cc88, type: 3}
      propertyPath: m_Name
      value: LevelBlock (29)
      objectReference: {fileID: 0}
    - target: {fileID: 4939291082442900, guid: 79d779433f4014344aafaba426f9cc88, type: 3}
      propertyPath: m_LocalPosition.x
      value: 6
      objectReference: {fileID: 0}
    - target: {fileID: 4939291082442900, guid: 79d779433f4014344aafaba426f9cc88, type: 3}
      propertyPath: m_LocalPosition.y
      value: 0
      objectReference: {fileID: 0}
    - target: {fileID: 4939291082442900, guid: 79d779433f4014344aafaba426f9cc88, type: 3}
      propertyPath: m_LocalPosition.z
      value: 1
      objectReference: {fileID: 0}
    - target: {fileID: 4939291082442900, guid: 79d779433f4014344aafaba426f9cc88, type: 3}
      propertyPath: m_LocalRotation.x
      value: 0
      objectReference: {fileID: 0}
    - target: {fileID: 4939291082442900, guid: 79d779433f4014344aafaba426f9cc88, type: 3}
      propertyPath: m_LocalRotation.y
      value: 0
      objectReference: {fileID: 0}
    - target: {fileID: 4939291082442900, guid: 79d779433f4014344aafaba426f9cc88, type: 3}
      propertyPath: m_LocalRotation.z
      value: 0
      objectReference: {fileID: 0}
    - target: {fileID: 4939291082442900, guid: 79d779433f4014344aafaba426f9cc88, type: 3}
      propertyPath: m_LocalRotation.w
      value: 1
      objectReference: {fileID: 0}
    - target: {fileID: 4939291082442900, guid: 79d779433f4014344aafaba426f9cc88, type: 3}
      propertyPath: m_RootOrder
      value: 24
      objectReference: {fileID: 0}
    - target: {fileID: 4939291082442900, guid: 79d779433f4014344aafaba426f9cc88, type: 3}
      propertyPath: m_LocalEulerAnglesHint.x
      value: 0
      objectReference: {fileID: 0}
    - target: {fileID: 4939291082442900, guid: 79d779433f4014344aafaba426f9cc88, type: 3}
      propertyPath: m_LocalEulerAnglesHint.y
      value: 0
      objectReference: {fileID: 0}
    - target: {fileID: 4939291082442900, guid: 79d779433f4014344aafaba426f9cc88, type: 3}
      propertyPath: m_LocalEulerAnglesHint.z
      value: 0
      objectReference: {fileID: 0}
    m_RemovedComponents: []
  m_SourcePrefab: {fileID: 100100000, guid: 79d779433f4014344aafaba426f9cc88, type: 3}
--- !u!4 &4449310316656424724 stripped
Transform:
  m_CorrespondingSourceObject: {fileID: 4939291082442900, guid: 79d779433f4014344aafaba426f9cc88,
    type: 3}
  m_PrefabInstance: {fileID: 4444679455769640832}
  m_PrefabAsset: {fileID: 0}
--- !u!1001 &4444679456063463056
PrefabInstance:
  m_ObjectHideFlags: 0
  serializedVersion: 2
  m_Modification:
    m_TransformParent: {fileID: 4444679457742563176}
    m_Modifications:
    - target: {fileID: 1777424294477136, guid: 79d779433f4014344aafaba426f9cc88, type: 3}
      propertyPath: m_Name
      value: LevelBlock (7)
      objectReference: {fileID: 0}
    - target: {fileID: 4939291082442900, guid: 79d779433f4014344aafaba426f9cc88, type: 3}
      propertyPath: m_LocalPosition.x
      value: 2
      objectReference: {fileID: 0}
    - target: {fileID: 4939291082442900, guid: 79d779433f4014344aafaba426f9cc88, type: 3}
      propertyPath: m_LocalPosition.y
      value: 0
      objectReference: {fileID: 0}
    - target: {fileID: 4939291082442900, guid: 79d779433f4014344aafaba426f9cc88, type: 3}
      propertyPath: m_LocalPosition.z
      value: 3
      objectReference: {fileID: 0}
    - target: {fileID: 4939291082442900, guid: 79d779433f4014344aafaba426f9cc88, type: 3}
      propertyPath: m_LocalRotation.x
      value: 0
      objectReference: {fileID: 0}
    - target: {fileID: 4939291082442900, guid: 79d779433f4014344aafaba426f9cc88, type: 3}
      propertyPath: m_LocalRotation.y
      value: 0
      objectReference: {fileID: 0}
    - target: {fileID: 4939291082442900, guid: 79d779433f4014344aafaba426f9cc88, type: 3}
      propertyPath: m_LocalRotation.z
      value: 0
      objectReference: {fileID: 0}
    - target: {fileID: 4939291082442900, guid: 79d779433f4014344aafaba426f9cc88, type: 3}
      propertyPath: m_LocalRotation.w
      value: 1
      objectReference: {fileID: 0}
    - target: {fileID: 4939291082442900, guid: 79d779433f4014344aafaba426f9cc88, type: 3}
      propertyPath: m_RootOrder
      value: 7
      objectReference: {fileID: 0}
    - target: {fileID: 4939291082442900, guid: 79d779433f4014344aafaba426f9cc88, type: 3}
      propertyPath: m_LocalEulerAnglesHint.x
      value: 0
      objectReference: {fileID: 0}
    - target: {fileID: 4939291082442900, guid: 79d779433f4014344aafaba426f9cc88, type: 3}
      propertyPath: m_LocalEulerAnglesHint.y
      value: 0
      objectReference: {fileID: 0}
    - target: {fileID: 4939291082442900, guid: 79d779433f4014344aafaba426f9cc88, type: 3}
      propertyPath: m_LocalEulerAnglesHint.z
      value: 0
      objectReference: {fileID: 0}
    m_RemovedComponents: []
  m_SourcePrefab: {fileID: 100100000, guid: 79d779433f4014344aafaba426f9cc88, type: 3}
--- !u!4 &4449310316346136068 stripped
Transform:
  m_CorrespondingSourceObject: {fileID: 4939291082442900, guid: 79d779433f4014344aafaba426f9cc88,
    type: 3}
  m_PrefabInstance: {fileID: 4444679456063463056}
  m_PrefabAsset: {fileID: 0}
--- !u!1001 &4444679456109525270
PrefabInstance:
  m_ObjectHideFlags: 0
  serializedVersion: 2
  m_Modification:
    m_TransformParent: {fileID: 4444679457742563176}
    m_Modifications:
    - target: {fileID: 1777424294477136, guid: 79d779433f4014344aafaba426f9cc88, type: 3}
      propertyPath: m_Name
      value: LevelBlock (30)
      objectReference: {fileID: 0}
    - target: {fileID: 4939291082442900, guid: 79d779433f4014344aafaba426f9cc88, type: 3}
      propertyPath: m_LocalPosition.x
      value: 6
      objectReference: {fileID: 0}
    - target: {fileID: 4939291082442900, guid: 79d779433f4014344aafaba426f9cc88, type: 3}
      propertyPath: m_LocalPosition.y
      value: 0
      objectReference: {fileID: 0}
    - target: {fileID: 4939291082442900, guid: 79d779433f4014344aafaba426f9cc88, type: 3}
      propertyPath: m_LocalPosition.z
      value: 2
      objectReference: {fileID: 0}
    - target: {fileID: 4939291082442900, guid: 79d779433f4014344aafaba426f9cc88, type: 3}
      propertyPath: m_LocalRotation.x
      value: 0
      objectReference: {fileID: 0}
    - target: {fileID: 4939291082442900, guid: 79d779433f4014344aafaba426f9cc88, type: 3}
      propertyPath: m_LocalRotation.y
      value: 0
      objectReference: {fileID: 0}
    - target: {fileID: 4939291082442900, guid: 79d779433f4014344aafaba426f9cc88, type: 3}
      propertyPath: m_LocalRotation.z
      value: 0
      objectReference: {fileID: 0}
    - target: {fileID: 4939291082442900, guid: 79d779433f4014344aafaba426f9cc88, type: 3}
      propertyPath: m_LocalRotation.w
      value: 1
      objectReference: {fileID: 0}
    - target: {fileID: 4939291082442900, guid: 79d779433f4014344aafaba426f9cc88, type: 3}
      propertyPath: m_RootOrder
      value: 25
      objectReference: {fileID: 0}
    - target: {fileID: 4939291082442900, guid: 79d779433f4014344aafaba426f9cc88, type: 3}
      propertyPath: m_LocalEulerAnglesHint.x
      value: 0
      objectReference: {fileID: 0}
    - target: {fileID: 4939291082442900, guid: 79d779433f4014344aafaba426f9cc88, type: 3}
      propertyPath: m_LocalEulerAnglesHint.y
      value: 0
      objectReference: {fileID: 0}
    - target: {fileID: 4939291082442900, guid: 79d779433f4014344aafaba426f9cc88, type: 3}
      propertyPath: m_LocalEulerAnglesHint.z
      value: 0
      objectReference: {fileID: 0}
    m_RemovedComponents: []
  m_SourcePrefab: {fileID: 100100000, guid: 79d779433f4014344aafaba426f9cc88, type: 3}
--- !u!4 &4449310316451017090 stripped
Transform:
  m_CorrespondingSourceObject: {fileID: 4939291082442900, guid: 79d779433f4014344aafaba426f9cc88,
    type: 3}
  m_PrefabInstance: {fileID: 4444679456109525270}
  m_PrefabAsset: {fileID: 0}
--- !u!1001 &4444679456169757015
PrefabInstance:
  m_ObjectHideFlags: 0
  serializedVersion: 2
  m_Modification:
    m_TransformParent: {fileID: 4444679457742563176}
    m_Modifications:
    - target: {fileID: 1777424294477136, guid: 79d779433f4014344aafaba426f9cc88, type: 3}
      propertyPath: m_Name
      value: LevelBlock (24)
      objectReference: {fileID: 0}
    - target: {fileID: 4939291082442900, guid: 79d779433f4014344aafaba426f9cc88, type: 3}
      propertyPath: m_LocalPosition.x
      value: 3
      objectReference: {fileID: 0}
    - target: {fileID: 4939291082442900, guid: 79d779433f4014344aafaba426f9cc88, type: 3}
      propertyPath: m_LocalPosition.y
      value: 0
      objectReference: {fileID: 0}
    - target: {fileID: 4939291082442900, guid: 79d779433f4014344aafaba426f9cc88, type: 3}
      propertyPath: m_LocalPosition.z
      value: 3
      objectReference: {fileID: 0}
    - target: {fileID: 4939291082442900, guid: 79d779433f4014344aafaba426f9cc88, type: 3}
      propertyPath: m_LocalRotation.x
      value: 0
      objectReference: {fileID: 0}
    - target: {fileID: 4939291082442900, guid: 79d779433f4014344aafaba426f9cc88, type: 3}
      propertyPath: m_LocalRotation.y
      value: 0
      objectReference: {fileID: 0}
    - target: {fileID: 4939291082442900, guid: 79d779433f4014344aafaba426f9cc88, type: 3}
      propertyPath: m_LocalRotation.z
      value: 0
      objectReference: {fileID: 0}
    - target: {fileID: 4939291082442900, guid: 79d779433f4014344aafaba426f9cc88, type: 3}
      propertyPath: m_LocalRotation.w
      value: 1
      objectReference: {fileID: 0}
    - target: {fileID: 4939291082442900, guid: 79d779433f4014344aafaba426f9cc88, type: 3}
      propertyPath: m_RootOrder
      value: 19
      objectReference: {fileID: 0}
    - target: {fileID: 4939291082442900, guid: 79d779433f4014344aafaba426f9cc88, type: 3}
      propertyPath: m_LocalEulerAnglesHint.x
      value: 0
      objectReference: {fileID: 0}
    - target: {fileID: 4939291082442900, guid: 79d779433f4014344aafaba426f9cc88, type: 3}
      propertyPath: m_LocalEulerAnglesHint.y
      value: 0
      objectReference: {fileID: 0}
    - target: {fileID: 4939291082442900, guid: 79d779433f4014344aafaba426f9cc88, type: 3}
      propertyPath: m_LocalEulerAnglesHint.z
      value: 0
      objectReference: {fileID: 0}
    m_RemovedComponents: []
  m_SourcePrefab: {fileID: 100100000, guid: 79d779433f4014344aafaba426f9cc88, type: 3}
--- !u!4 &4449310316510101955 stripped
Transform:
  m_CorrespondingSourceObject: {fileID: 4939291082442900, guid: 79d779433f4014344aafaba426f9cc88,
    type: 3}
  m_PrefabInstance: {fileID: 4444679456169757015}
  m_PrefabAsset: {fileID: 0}
--- !u!1001 &4444679456258261305
PrefabInstance:
  m_ObjectHideFlags: 0
  serializedVersion: 2
  m_Modification:
    m_TransformParent: {fileID: 4444679457742563176}
    m_Modifications:
    - target: {fileID: 1777424294477136, guid: 79d779433f4014344aafaba426f9cc88, type: 3}
      propertyPath: m_Name
      value: LevelBlock (18)
      objectReference: {fileID: 0}
    - target: {fileID: 4939291082442900, guid: 79d779433f4014344aafaba426f9cc88, type: 3}
      propertyPath: m_LocalPosition.x
      value: 6
      objectReference: {fileID: 0}
    - target: {fileID: 4939291082442900, guid: 79d779433f4014344aafaba426f9cc88, type: 3}
      propertyPath: m_LocalPosition.y
      value: 0
      objectReference: {fileID: 0}
    - target: {fileID: 4939291082442900, guid: 79d779433f4014344aafaba426f9cc88, type: 3}
      propertyPath: m_LocalPosition.z
      value: 0
      objectReference: {fileID: 0}
    - target: {fileID: 4939291082442900, guid: 79d779433f4014344aafaba426f9cc88, type: 3}
      propertyPath: m_LocalRotation.x
      value: 0
      objectReference: {fileID: 0}
    - target: {fileID: 4939291082442900, guid: 79d779433f4014344aafaba426f9cc88, type: 3}
      propertyPath: m_LocalRotation.y
      value: 0
      objectReference: {fileID: 0}
    - target: {fileID: 4939291082442900, guid: 79d779433f4014344aafaba426f9cc88, type: 3}
      propertyPath: m_LocalRotation.z
      value: 0
      objectReference: {fileID: 0}
    - target: {fileID: 4939291082442900, guid: 79d779433f4014344aafaba426f9cc88, type: 3}
      propertyPath: m_LocalRotation.w
      value: 1
      objectReference: {fileID: 0}
    - target: {fileID: 4939291082442900, guid: 79d779433f4014344aafaba426f9cc88, type: 3}
      propertyPath: m_RootOrder
      value: 13
      objectReference: {fileID: 0}
    - target: {fileID: 4939291082442900, guid: 79d779433f4014344aafaba426f9cc88, type: 3}
      propertyPath: m_LocalEulerAnglesHint.x
      value: 0
      objectReference: {fileID: 0}
    - target: {fileID: 4939291082442900, guid: 79d779433f4014344aafaba426f9cc88, type: 3}
      propertyPath: m_LocalEulerAnglesHint.y
      value: 0
      objectReference: {fileID: 0}
    - target: {fileID: 4939291082442900, guid: 79d779433f4014344aafaba426f9cc88, type: 3}
      propertyPath: m_LocalEulerAnglesHint.z
      value: 0
      objectReference: {fileID: 0}
    m_RemovedComponents: []
  m_SourcePrefab: {fileID: 100100000, guid: 79d779433f4014344aafaba426f9cc88, type: 3}
--- !u!4 &4449310317073746349 stripped
Transform:
  m_CorrespondingSourceObject: {fileID: 4939291082442900, guid: 79d779433f4014344aafaba426f9cc88,
    type: 3}
  m_PrefabInstance: {fileID: 4444679456258261305}
  m_PrefabAsset: {fileID: 0}
--- !u!1001 &4444679456309814108
PrefabInstance:
  m_ObjectHideFlags: 0
  serializedVersion: 2
  m_Modification:
    m_TransformParent: {fileID: 4444679457742563176}
    m_Modifications:
    - target: {fileID: 1777424294477136, guid: 79d779433f4014344aafaba426f9cc88, type: 3}
      propertyPath: m_Name
      value: LevelBlock (20)
      objectReference: {fileID: 0}
    - target: {fileID: 4939291082442900, guid: 79d779433f4014344aafaba426f9cc88, type: 3}
      propertyPath: m_LocalPosition.x
      value: 5
      objectReference: {fileID: 0}
    - target: {fileID: 4939291082442900, guid: 79d779433f4014344aafaba426f9cc88, type: 3}
      propertyPath: m_LocalPosition.y
      value: 0
      objectReference: {fileID: 0}
    - target: {fileID: 4939291082442900, guid: 79d779433f4014344aafaba426f9cc88, type: 3}
      propertyPath: m_LocalPosition.z
      value: 1
      objectReference: {fileID: 0}
    - target: {fileID: 4939291082442900, guid: 79d779433f4014344aafaba426f9cc88, type: 3}
      propertyPath: m_LocalRotation.x
      value: 0
      objectReference: {fileID: 0}
    - target: {fileID: 4939291082442900, guid: 79d779433f4014344aafaba426f9cc88, type: 3}
      propertyPath: m_LocalRotation.y
      value: 0
      objectReference: {fileID: 0}
    - target: {fileID: 4939291082442900, guid: 79d779433f4014344aafaba426f9cc88, type: 3}
      propertyPath: m_LocalRotation.z
      value: 0
      objectReference: {fileID: 0}
    - target: {fileID: 4939291082442900, guid: 79d779433f4014344aafaba426f9cc88, type: 3}
      propertyPath: m_LocalRotation.w
      value: 1
      objectReference: {fileID: 0}
    - target: {fileID: 4939291082442900, guid: 79d779433f4014344aafaba426f9cc88, type: 3}
      propertyPath: m_RootOrder
      value: 15
      objectReference: {fileID: 0}
    - target: {fileID: 4939291082442900, guid: 79d779433f4014344aafaba426f9cc88, type: 3}
      propertyPath: m_LocalEulerAnglesHint.x
      value: 0
      objectReference: {fileID: 0}
    - target: {fileID: 4939291082442900, guid: 79d779433f4014344aafaba426f9cc88, type: 3}
      propertyPath: m_LocalEulerAnglesHint.y
      value: 0
      objectReference: {fileID: 0}
    - target: {fileID: 4939291082442900, guid: 79d779433f4014344aafaba426f9cc88, type: 3}
      propertyPath: m_LocalEulerAnglesHint.z
      value: 0
      objectReference: {fileID: 0}
    m_RemovedComponents: []
  m_SourcePrefab: {fileID: 100100000, guid: 79d779433f4014344aafaba426f9cc88, type: 3}
--- !u!4 &4449310317192408008 stripped
Transform:
  m_CorrespondingSourceObject: {fileID: 4939291082442900, guid: 79d779433f4014344aafaba426f9cc88,
    type: 3}
  m_PrefabInstance: {fileID: 4444679456309814108}
  m_PrefabAsset: {fileID: 0}
--- !u!1001 &4444679456454799747
PrefabInstance:
  m_ObjectHideFlags: 0
  serializedVersion: 2
  m_Modification:
    m_TransformParent: {fileID: 4444679457742563176}
    m_Modifications:
    - target: {fileID: 1777424294477136, guid: 79d779433f4014344aafaba426f9cc88, type: 3}
      propertyPath: m_Name
      value: LevelBlock (25)
      objectReference: {fileID: 0}
    - target: {fileID: 4939291082442900, guid: 79d779433f4014344aafaba426f9cc88, type: 3}
      propertyPath: m_LocalPosition.x
      value: 3
      objectReference: {fileID: 0}
    - target: {fileID: 4939291082442900, guid: 79d779433f4014344aafaba426f9cc88, type: 3}
      propertyPath: m_LocalPosition.y
      value: 0
      objectReference: {fileID: 0}
    - target: {fileID: 4939291082442900, guid: 79d779433f4014344aafaba426f9cc88, type: 3}
      propertyPath: m_LocalPosition.z
      value: 1
      objectReference: {fileID: 0}
    - target: {fileID: 4939291082442900, guid: 79d779433f4014344aafaba426f9cc88, type: 3}
      propertyPath: m_LocalRotation.x
      value: 0
      objectReference: {fileID: 0}
    - target: {fileID: 4939291082442900, guid: 79d779433f4014344aafaba426f9cc88, type: 3}
      propertyPath: m_LocalRotation.y
      value: 0
      objectReference: {fileID: 0}
    - target: {fileID: 4939291082442900, guid: 79d779433f4014344aafaba426f9cc88, type: 3}
      propertyPath: m_LocalRotation.z
      value: 0
      objectReference: {fileID: 0}
    - target: {fileID: 4939291082442900, guid: 79d779433f4014344aafaba426f9cc88, type: 3}
      propertyPath: m_LocalRotation.w
      value: 1
      objectReference: {fileID: 0}
    - target: {fileID: 4939291082442900, guid: 79d779433f4014344aafaba426f9cc88, type: 3}
      propertyPath: m_RootOrder
      value: 20
      objectReference: {fileID: 0}
    - target: {fileID: 4939291082442900, guid: 79d779433f4014344aafaba426f9cc88, type: 3}
      propertyPath: m_LocalEulerAnglesHint.x
      value: 0
      objectReference: {fileID: 0}
    - target: {fileID: 4939291082442900, guid: 79d779433f4014344aafaba426f9cc88, type: 3}
      propertyPath: m_LocalEulerAnglesHint.y
      value: 0
      objectReference: {fileID: 0}
    - target: {fileID: 4939291082442900, guid: 79d779433f4014344aafaba426f9cc88, type: 3}
      propertyPath: m_LocalEulerAnglesHint.z
      value: 0
      objectReference: {fileID: 0}
    m_RemovedComponents: []
  m_SourcePrefab: {fileID: 100100000, guid: 79d779433f4014344aafaba426f9cc88, type: 3}
--- !u!4 &4449310317266057495 stripped
Transform:
  m_CorrespondingSourceObject: {fileID: 4939291082442900, guid: 79d779433f4014344aafaba426f9cc88,
    type: 3}
  m_PrefabInstance: {fileID: 4444679456454799747}
  m_PrefabAsset: {fileID: 0}
--- !u!1001 &4444679456478704808
PrefabInstance:
  m_ObjectHideFlags: 0
  serializedVersion: 2
  m_Modification:
    m_TransformParent: {fileID: 4444679457742563176}
    m_Modifications:
    - target: {fileID: 1777424294477136, guid: 79d779433f4014344aafaba426f9cc88, type: 3}
      propertyPath: m_Name
      value: LevelBlock (23)
      objectReference: {fileID: 0}
    - target: {fileID: 4939291082442900, guid: 79d779433f4014344aafaba426f9cc88, type: 3}
      propertyPath: m_LocalPosition.x
      value: 4
      objectReference: {fileID: 0}
    - target: {fileID: 4939291082442900, guid: 79d779433f4014344aafaba426f9cc88, type: 3}
      propertyPath: m_LocalPosition.y
      value: 0
      objectReference: {fileID: 0}
    - target: {fileID: 4939291082442900, guid: 79d779433f4014344aafaba426f9cc88, type: 3}
      propertyPath: m_LocalPosition.z
      value: 3
      objectReference: {fileID: 0}
    - target: {fileID: 4939291082442900, guid: 79d779433f4014344aafaba426f9cc88, type: 3}
      propertyPath: m_LocalRotation.x
      value: 0
      objectReference: {fileID: 0}
    - target: {fileID: 4939291082442900, guid: 79d779433f4014344aafaba426f9cc88, type: 3}
      propertyPath: m_LocalRotation.y
      value: 0
      objectReference: {fileID: 0}
    - target: {fileID: 4939291082442900, guid: 79d779433f4014344aafaba426f9cc88, type: 3}
      propertyPath: m_LocalRotation.z
      value: 0
      objectReference: {fileID: 0}
    - target: {fileID: 4939291082442900, guid: 79d779433f4014344aafaba426f9cc88, type: 3}
      propertyPath: m_LocalRotation.w
      value: 1
      objectReference: {fileID: 0}
    - target: {fileID: 4939291082442900, guid: 79d779433f4014344aafaba426f9cc88, type: 3}
      propertyPath: m_RootOrder
      value: 18
      objectReference: {fileID: 0}
    - target: {fileID: 4939291082442900, guid: 79d779433f4014344aafaba426f9cc88, type: 3}
      propertyPath: m_LocalEulerAnglesHint.x
      value: 0
      objectReference: {fileID: 0}
    - target: {fileID: 4939291082442900, guid: 79d779433f4014344aafaba426f9cc88, type: 3}
      propertyPath: m_LocalEulerAnglesHint.y
      value: 0
      objectReference: {fileID: 0}
    - target: {fileID: 4939291082442900, guid: 79d779433f4014344aafaba426f9cc88, type: 3}
      propertyPath: m_LocalEulerAnglesHint.z
      value: 0
      objectReference: {fileID: 0}
    m_RemovedComponents: []
  m_SourcePrefab: {fileID: 100100000, guid: 79d779433f4014344aafaba426f9cc88, type: 3}
--- !u!4 &4449310317289864252 stripped
Transform:
  m_CorrespondingSourceObject: {fileID: 4939291082442900, guid: 79d779433f4014344aafaba426f9cc88,
    type: 3}
  m_PrefabInstance: {fileID: 4444679456478704808}
  m_PrefabAsset: {fileID: 0}
--- !u!1001 &4444679456487919531
PrefabInstance:
  m_ObjectHideFlags: 0
  serializedVersion: 2
  m_Modification:
    m_TransformParent: {fileID: 4444679457742563176}
    m_Modifications:
    - target: {fileID: 1777424294477136, guid: 79d779433f4014344aafaba426f9cc88, type: 3}
      propertyPath: m_Name
      value: LevelBlock (1)
      objectReference: {fileID: 0}
    - target: {fileID: 4939291082442900, guid: 79d779433f4014344aafaba426f9cc88, type: 3}
      propertyPath: m_LocalPosition.x
      value: 1
      objectReference: {fileID: 0}
    - target: {fileID: 4939291082442900, guid: 79d779433f4014344aafaba426f9cc88, type: 3}
      propertyPath: m_LocalPosition.y
      value: 0
      objectReference: {fileID: 0}
    - target: {fileID: 4939291082442900, guid: 79d779433f4014344aafaba426f9cc88, type: 3}
      propertyPath: m_LocalPosition.z
      value: 0
      objectReference: {fileID: 0}
    - target: {fileID: 4939291082442900, guid: 79d779433f4014344aafaba426f9cc88, type: 3}
      propertyPath: m_LocalRotation.x
      value: 0
      objectReference: {fileID: 0}
    - target: {fileID: 4939291082442900, guid: 79d779433f4014344aafaba426f9cc88, type: 3}
      propertyPath: m_LocalRotation.y
      value: 0
      objectReference: {fileID: 0}
    - target: {fileID: 4939291082442900, guid: 79d779433f4014344aafaba426f9cc88, type: 3}
      propertyPath: m_LocalRotation.z
      value: 0
      objectReference: {fileID: 0}
    - target: {fileID: 4939291082442900, guid: 79d779433f4014344aafaba426f9cc88, type: 3}
      propertyPath: m_LocalRotation.w
      value: 1
      objectReference: {fileID: 0}
    - target: {fileID: 4939291082442900, guid: 79d779433f4014344aafaba426f9cc88, type: 3}
      propertyPath: m_RootOrder
      value: 1
      objectReference: {fileID: 0}
    - target: {fileID: 4939291082442900, guid: 79d779433f4014344aafaba426f9cc88, type: 3}
      propertyPath: m_LocalEulerAnglesHint.x
      value: 0
      objectReference: {fileID: 0}
    - target: {fileID: 4939291082442900, guid: 79d779433f4014344aafaba426f9cc88, type: 3}
      propertyPath: m_LocalEulerAnglesHint.y
      value: 0
      objectReference: {fileID: 0}
    - target: {fileID: 4939291082442900, guid: 79d779433f4014344aafaba426f9cc88, type: 3}
      propertyPath: m_LocalEulerAnglesHint.z
      value: 0
      objectReference: {fileID: 0}
    m_RemovedComponents: []
  m_SourcePrefab: {fileID: 100100000, guid: 79d779433f4014344aafaba426f9cc88, type: 3}
--- !u!4 &4449310316829411135 stripped
Transform:
  m_CorrespondingSourceObject: {fileID: 4939291082442900, guid: 79d779433f4014344aafaba426f9cc88,
    type: 3}
  m_PrefabInstance: {fileID: 4444679456487919531}
  m_PrefabAsset: {fileID: 0}
--- !u!1001 &4444679456512886363
PrefabInstance:
  m_ObjectHideFlags: 0
  serializedVersion: 2
  m_Modification:
    m_TransformParent: {fileID: 4444679457742563176}
    m_Modifications:
    - target: {fileID: 1777424294477136, guid: 79d779433f4014344aafaba426f9cc88, type: 3}
      propertyPath: m_Name
      value: LevelBlock (19)
      objectReference: {fileID: 0}
    - target: {fileID: 4939291082442900, guid: 79d779433f4014344aafaba426f9cc88, type: 3}
      propertyPath: m_LocalPosition.x
      value: 5
      objectReference: {fileID: 0}
    - target: {fileID: 4939291082442900, guid: 79d779433f4014344aafaba426f9cc88, type: 3}
      propertyPath: m_LocalPosition.y
      value: 0
      objectReference: {fileID: 0}
    - target: {fileID: 4939291082442900, guid: 79d779433f4014344aafaba426f9cc88, type: 3}
      propertyPath: m_LocalPosition.z
      value: 0
      objectReference: {fileID: 0}
    - target: {fileID: 4939291082442900, guid: 79d779433f4014344aafaba426f9cc88, type: 3}
      propertyPath: m_LocalRotation.x
      value: 0
      objectReference: {fileID: 0}
    - target: {fileID: 4939291082442900, guid: 79d779433f4014344aafaba426f9cc88, type: 3}
      propertyPath: m_LocalRotation.y
      value: 0
      objectReference: {fileID: 0}
    - target: {fileID: 4939291082442900, guid: 79d779433f4014344aafaba426f9cc88, type: 3}
      propertyPath: m_LocalRotation.z
      value: 0
      objectReference: {fileID: 0}
    - target: {fileID: 4939291082442900, guid: 79d779433f4014344aafaba426f9cc88, type: 3}
      propertyPath: m_LocalRotation.w
      value: 1
      objectReference: {fileID: 0}
    - target: {fileID: 4939291082442900, guid: 79d779433f4014344aafaba426f9cc88, type: 3}
      propertyPath: m_RootOrder
      value: 14
      objectReference: {fileID: 0}
    - target: {fileID: 4939291082442900, guid: 79d779433f4014344aafaba426f9cc88, type: 3}
      propertyPath: m_LocalEulerAnglesHint.x
      value: 0
      objectReference: {fileID: 0}
    - target: {fileID: 4939291082442900, guid: 79d779433f4014344aafaba426f9cc88, type: 3}
      propertyPath: m_LocalEulerAnglesHint.y
      value: 0
      objectReference: {fileID: 0}
    - target: {fileID: 4939291082442900, guid: 79d779433f4014344aafaba426f9cc88, type: 3}
      propertyPath: m_LocalEulerAnglesHint.z
      value: 0
      objectReference: {fileID: 0}
    m_RemovedComponents: []
  m_SourcePrefab: {fileID: 100100000, guid: 79d779433f4014344aafaba426f9cc88, type: 3}
--- !u!4 &4449310316853202639 stripped
Transform:
  m_CorrespondingSourceObject: {fileID: 4939291082442900, guid: 79d779433f4014344aafaba426f9cc88,
    type: 3}
  m_PrefabInstance: {fileID: 4444679456512886363}
  m_PrefabAsset: {fileID: 0}
--- !u!1001 &4444679456522017139
PrefabInstance:
  m_ObjectHideFlags: 0
  serializedVersion: 2
  m_Modification:
    m_TransformParent: {fileID: 4444679457742563176}
    m_Modifications:
    - target: {fileID: 1777424294477136, guid: 79d779433f4014344aafaba426f9cc88, type: 3}
      propertyPath: m_Name
      value: LevelBlock
      objectReference: {fileID: 0}
    - target: {fileID: 4939291082442900, guid: 79d779433f4014344aafaba426f9cc88, type: 3}
      propertyPath: m_LocalPosition.x
      value: 0
      objectReference: {fileID: 0}
    - target: {fileID: 4939291082442900, guid: 79d779433f4014344aafaba426f9cc88, type: 3}
      propertyPath: m_LocalPosition.y
      value: 0
      objectReference: {fileID: 0}
    - target: {fileID: 4939291082442900, guid: 79d779433f4014344aafaba426f9cc88, type: 3}
      propertyPath: m_LocalPosition.z
      value: 0
      objectReference: {fileID: 0}
    - target: {fileID: 4939291082442900, guid: 79d779433f4014344aafaba426f9cc88, type: 3}
      propertyPath: m_LocalRotation.x
      value: 0
      objectReference: {fileID: 0}
    - target: {fileID: 4939291082442900, guid: 79d779433f4014344aafaba426f9cc88, type: 3}
      propertyPath: m_LocalRotation.y
      value: 0
      objectReference: {fileID: 0}
    - target: {fileID: 4939291082442900, guid: 79d779433f4014344aafaba426f9cc88, type: 3}
      propertyPath: m_LocalRotation.z
      value: 0
      objectReference: {fileID: 0}
    - target: {fileID: 4939291082442900, guid: 79d779433f4014344aafaba426f9cc88, type: 3}
      propertyPath: m_LocalRotation.w
      value: 1
      objectReference: {fileID: 0}
    - target: {fileID: 4939291082442900, guid: 79d779433f4014344aafaba426f9cc88, type: 3}
      propertyPath: m_RootOrder
      value: 0
      objectReference: {fileID: 0}
    - target: {fileID: 4939291082442900, guid: 79d779433f4014344aafaba426f9cc88, type: 3}
      propertyPath: m_LocalEulerAnglesHint.x
      value: 0
      objectReference: {fileID: 0}
    - target: {fileID: 4939291082442900, guid: 79d779433f4014344aafaba426f9cc88, type: 3}
      propertyPath: m_LocalEulerAnglesHint.y
      value: 0
      objectReference: {fileID: 0}
    - target: {fileID: 4939291082442900, guid: 79d779433f4014344aafaba426f9cc88, type: 3}
      propertyPath: m_LocalEulerAnglesHint.z
      value: 0
      objectReference: {fileID: 0}
    m_RemovedComponents: []
  m_SourcePrefab: {fileID: 100100000, guid: 79d779433f4014344aafaba426f9cc88, type: 3}
--- !u!4 &4449310316795384295 stripped
Transform:
  m_CorrespondingSourceObject: {fileID: 4939291082442900, guid: 79d779433f4014344aafaba426f9cc88,
    type: 3}
  m_PrefabInstance: {fileID: 4444679456522017139}
  m_PrefabAsset: {fileID: 0}
--- !u!1001 &4444679456605269722
PrefabInstance:
  m_ObjectHideFlags: 0
  serializedVersion: 2
  m_Modification:
    m_TransformParent: {fileID: 4444679457742563176}
    m_Modifications:
    - target: {fileID: 1777424294477136, guid: 79d779433f4014344aafaba426f9cc88, type: 3}
      propertyPath: m_Name
      value: LevelBlock (4)
      objectReference: {fileID: 0}
    - target: {fileID: 4939291082442900, guid: 79d779433f4014344aafaba426f9cc88, type: 3}
      propertyPath: m_LocalPosition.x
      value: 4
      objectReference: {fileID: 0}
    - target: {fileID: 4939291082442900, guid: 79d779433f4014344aafaba426f9cc88, type: 3}
      propertyPath: m_LocalPosition.y
      value: 0
      objectReference: {fileID: 0}
    - target: {fileID: 4939291082442900, guid: 79d779433f4014344aafaba426f9cc88, type: 3}
      propertyPath: m_LocalPosition.z
      value: 0
      objectReference: {fileID: 0}
    - target: {fileID: 4939291082442900, guid: 79d779433f4014344aafaba426f9cc88, type: 3}
      propertyPath: m_LocalRotation.x
      value: 0
      objectReference: {fileID: 0}
    - target: {fileID: 4939291082442900, guid: 79d779433f4014344aafaba426f9cc88, type: 3}
      propertyPath: m_LocalRotation.y
      value: 0
      objectReference: {fileID: 0}
    - target: {fileID: 4939291082442900, guid: 79d779433f4014344aafaba426f9cc88, type: 3}
      propertyPath: m_LocalRotation.z
      value: 0
      objectReference: {fileID: 0}
    - target: {fileID: 4939291082442900, guid: 79d779433f4014344aafaba426f9cc88, type: 3}
      propertyPath: m_LocalRotation.w
      value: 1
      objectReference: {fileID: 0}
    - target: {fileID: 4939291082442900, guid: 79d779433f4014344aafaba426f9cc88, type: 3}
      propertyPath: m_RootOrder
      value: 4
      objectReference: {fileID: 0}
    - target: {fileID: 4939291082442900, guid: 79d779433f4014344aafaba426f9cc88, type: 3}
      propertyPath: m_LocalEulerAnglesHint.x
      value: 0
      objectReference: {fileID: 0}
    - target: {fileID: 4939291082442900, guid: 79d779433f4014344aafaba426f9cc88, type: 3}
      propertyPath: m_LocalEulerAnglesHint.y
      value: 0
      objectReference: {fileID: 0}
    - target: {fileID: 4939291082442900, guid: 79d779433f4014344aafaba426f9cc88, type: 3}
      propertyPath: m_LocalEulerAnglesHint.z
      value: 0
      objectReference: {fileID: 0}
    m_RemovedComponents: []
  m_SourcePrefab: {fileID: 100100000, guid: 79d779433f4014344aafaba426f9cc88, type: 3}
--- !u!4 &4449310316878603854 stripped
Transform:
  m_CorrespondingSourceObject: {fileID: 4939291082442900, guid: 79d779433f4014344aafaba426f9cc88,
    type: 3}
  m_PrefabInstance: {fileID: 4444679456605269722}
  m_PrefabAsset: {fileID: 0}
--- !u!1001 &4444679456701277918
PrefabInstance:
  m_ObjectHideFlags: 0
  serializedVersion: 2
  m_Modification:
    m_TransformParent: {fileID: 4444679457742563176}
    m_Modifications:
    - target: {fileID: 1777424294477136, guid: 79d779433f4014344aafaba426f9cc88, type: 3}
      propertyPath: m_Name
      value: LevelBlock (2)
      objectReference: {fileID: 0}
    - target: {fileID: 4939291082442900, guid: 79d779433f4014344aafaba426f9cc88, type: 3}
      propertyPath: m_LocalPosition.x
      value: 2
      objectReference: {fileID: 0}
    - target: {fileID: 4939291082442900, guid: 79d779433f4014344aafaba426f9cc88, type: 3}
      propertyPath: m_LocalPosition.y
      value: 0
      objectReference: {fileID: 0}
    - target: {fileID: 4939291082442900, guid: 79d779433f4014344aafaba426f9cc88, type: 3}
      propertyPath: m_LocalPosition.z
      value: 0
      objectReference: {fileID: 0}
    - target: {fileID: 4939291082442900, guid: 79d779433f4014344aafaba426f9cc88, type: 3}
      propertyPath: m_LocalRotation.x
      value: 0
      objectReference: {fileID: 0}
    - target: {fileID: 4939291082442900, guid: 79d779433f4014344aafaba426f9cc88, type: 3}
      propertyPath: m_LocalRotation.y
      value: 0
      objectReference: {fileID: 0}
    - target: {fileID: 4939291082442900, guid: 79d779433f4014344aafaba426f9cc88, type: 3}
      propertyPath: m_LocalRotation.z
      value: 0
      objectReference: {fileID: 0}
    - target: {fileID: 4939291082442900, guid: 79d779433f4014344aafaba426f9cc88, type: 3}
      propertyPath: m_LocalRotation.w
      value: 1
      objectReference: {fileID: 0}
    - target: {fileID: 4939291082442900, guid: 79d779433f4014344aafaba426f9cc88, type: 3}
      propertyPath: m_RootOrder
      value: 2
      objectReference: {fileID: 0}
    - target: {fileID: 4939291082442900, guid: 79d779433f4014344aafaba426f9cc88, type: 3}
      propertyPath: m_LocalEulerAnglesHint.x
      value: 0
      objectReference: {fileID: 0}
    - target: {fileID: 4939291082442900, guid: 79d779433f4014344aafaba426f9cc88, type: 3}
      propertyPath: m_LocalEulerAnglesHint.y
      value: 0
      objectReference: {fileID: 0}
    - target: {fileID: 4939291082442900, guid: 79d779433f4014344aafaba426f9cc88, type: 3}
      propertyPath: m_LocalEulerAnglesHint.z
      value: 0
      objectReference: {fileID: 0}
    m_RemovedComponents: []
  m_SourcePrefab: {fileID: 100100000, guid: 79d779433f4014344aafaba426f9cc88, type: 3}
--- !u!4 &4449310317051031114 stripped
Transform:
  m_CorrespondingSourceObject: {fileID: 4939291082442900, guid: 79d779433f4014344aafaba426f9cc88,
    type: 3}
  m_PrefabInstance: {fileID: 4444679456701277918}
  m_PrefabAsset: {fileID: 0}
--- !u!1001 &4444679456817882517
PrefabInstance:
  m_ObjectHideFlags: 0
  serializedVersion: 2
  m_Modification:
    m_TransformParent: {fileID: 4444679457742563176}
    m_Modifications:
    - target: {fileID: 1777424294477136, guid: 79d779433f4014344aafaba426f9cc88, type: 3}
      propertyPath: m_Name
      value: LevelBlock (8)
      objectReference: {fileID: 0}
    - target: {fileID: 4939291082442900, guid: 79d779433f4014344aafaba426f9cc88, type: 3}
      propertyPath: m_LocalPosition.x
      value: 2
      objectReference: {fileID: 0}
    - target: {fileID: 4939291082442900, guid: 79d779433f4014344aafaba426f9cc88, type: 3}
      propertyPath: m_LocalPosition.y
      value: 0
      objectReference: {fileID: 0}
    - target: {fileID: 4939291082442900, guid: 79d779433f4014344aafaba426f9cc88, type: 3}
      propertyPath: m_LocalPosition.z
      value: 4
      objectReference: {fileID: 0}
    - target: {fileID: 4939291082442900, guid: 79d779433f4014344aafaba426f9cc88, type: 3}
      propertyPath: m_LocalRotation.x
      value: 0
      objectReference: {fileID: 0}
    - target: {fileID: 4939291082442900, guid: 79d779433f4014344aafaba426f9cc88, type: 3}
      propertyPath: m_LocalRotation.y
      value: 0
      objectReference: {fileID: 0}
    - target: {fileID: 4939291082442900, guid: 79d779433f4014344aafaba426f9cc88, type: 3}
      propertyPath: m_LocalRotation.z
      value: 0
      objectReference: {fileID: 0}
    - target: {fileID: 4939291082442900, guid: 79d779433f4014344aafaba426f9cc88, type: 3}
      propertyPath: m_LocalRotation.w
      value: 1
      objectReference: {fileID: 0}
    - target: {fileID: 4939291082442900, guid: 79d779433f4014344aafaba426f9cc88, type: 3}
      propertyPath: m_RootOrder
      value: 8
      objectReference: {fileID: 0}
    - target: {fileID: 4939291082442900, guid: 79d779433f4014344aafaba426f9cc88, type: 3}
      propertyPath: m_LocalEulerAnglesHint.x
      value: 0
      objectReference: {fileID: 0}
    - target: {fileID: 4939291082442900, guid: 79d779433f4014344aafaba426f9cc88, type: 3}
      propertyPath: m_LocalEulerAnglesHint.y
      value: 0
      objectReference: {fileID: 0}
    - target: {fileID: 4939291082442900, guid: 79d779433f4014344aafaba426f9cc88, type: 3}
      propertyPath: m_LocalEulerAnglesHint.z
      value: 0
      objectReference: {fileID: 0}
    m_RemovedComponents: []
  m_SourcePrefab: {fileID: 100100000, guid: 79d779433f4014344aafaba426f9cc88, type: 3}
--- !u!4 &4449310315560201473 stripped
Transform:
  m_CorrespondingSourceObject: {fileID: 4939291082442900, guid: 79d779433f4014344aafaba426f9cc88,
    type: 3}
  m_PrefabInstance: {fileID: 4444679456817882517}
  m_PrefabAsset: {fileID: 0}
--- !u!1001 &4444679457033616846
PrefabInstance:
  m_ObjectHideFlags: 0
  serializedVersion: 2
  m_Modification:
    m_TransformParent: {fileID: 4444679457742563176}
    m_Modifications:
    - target: {fileID: 1777424294477136, guid: 79d779433f4014344aafaba426f9cc88, type: 3}
      propertyPath: m_Name
      value: LevelBlock (12)
      objectReference: {fileID: 0}
    - target: {fileID: 4939291082442900, guid: 79d779433f4014344aafaba426f9cc88, type: 3}
      propertyPath: m_LocalPosition.x
      value: 6
      objectReference: {fileID: 0}
    - target: {fileID: 4939291082442900, guid: 79d779433f4014344aafaba426f9cc88, type: 3}
      propertyPath: m_LocalPosition.y
      value: 0
      objectReference: {fileID: 0}
    - target: {fileID: 4939291082442900, guid: 79d779433f4014344aafaba426f9cc88, type: 3}
      propertyPath: m_LocalPosition.z
      value: 4
      objectReference: {fileID: 0}
    - target: {fileID: 4939291082442900, guid: 79d779433f4014344aafaba426f9cc88, type: 3}
      propertyPath: m_LocalRotation.x
      value: 0
      objectReference: {fileID: 0}
    - target: {fileID: 4939291082442900, guid: 79d779433f4014344aafaba426f9cc88, type: 3}
      propertyPath: m_LocalRotation.y
      value: 0
      objectReference: {fileID: 0}
    - target: {fileID: 4939291082442900, guid: 79d779433f4014344aafaba426f9cc88, type: 3}
      propertyPath: m_LocalRotation.z
      value: 0
      objectReference: {fileID: 0}
    - target: {fileID: 4939291082442900, guid: 79d779433f4014344aafaba426f9cc88, type: 3}
      propertyPath: m_LocalRotation.w
      value: 1
      objectReference: {fileID: 0}
    - target: {fileID: 4939291082442900, guid: 79d779433f4014344aafaba426f9cc88, type: 3}
      propertyPath: m_RootOrder
      value: 12
      objectReference: {fileID: 0}
    - target: {fileID: 4939291082442900, guid: 79d779433f4014344aafaba426f9cc88, type: 3}
      propertyPath: m_LocalEulerAnglesHint.x
      value: 0
      objectReference: {fileID: 0}
    - target: {fileID: 4939291082442900, guid: 79d779433f4014344aafaba426f9cc88, type: 3}
      propertyPath: m_LocalEulerAnglesHint.y
      value: 0
      objectReference: {fileID: 0}
    - target: {fileID: 4939291082442900, guid: 79d779433f4014344aafaba426f9cc88, type: 3}
      propertyPath: m_LocalEulerAnglesHint.z
      value: 0
      objectReference: {fileID: 0}
    m_RemovedComponents: []
  m_SourcePrefab: {fileID: 100100000, guid: 79d779433f4014344aafaba426f9cc88, type: 3}
--- !u!4 &4449310315227624794 stripped
Transform:
  m_CorrespondingSourceObject: {fileID: 4939291082442900, guid: 79d779433f4014344aafaba426f9cc88,
    type: 3}
  m_PrefabInstance: {fileID: 4444679457033616846}
  m_PrefabAsset: {fileID: 0}
--- !u!1001 &4444679457061612656
PrefabInstance:
  m_ObjectHideFlags: 0
  serializedVersion: 2
  m_Modification:
    m_TransformParent: {fileID: 4444679457742563176}
    m_Modifications:
    - target: {fileID: 1777424294477136, guid: 79d779433f4014344aafaba426f9cc88, type: 3}
      propertyPath: m_Name
      value: LevelBlock (11)
      objectReference: {fileID: 0}
    - target: {fileID: 4939291082442900, guid: 79d779433f4014344aafaba426f9cc88, type: 3}
      propertyPath: m_LocalPosition.x
      value: 5
      objectReference: {fileID: 0}
    - target: {fileID: 4939291082442900, guid: 79d779433f4014344aafaba426f9cc88, type: 3}
      propertyPath: m_LocalPosition.y
      value: 0
      objectReference: {fileID: 0}
    - target: {fileID: 4939291082442900, guid: 79d779433f4014344aafaba426f9cc88, type: 3}
      propertyPath: m_LocalPosition.z
      value: 4
      objectReference: {fileID: 0}
    - target: {fileID: 4939291082442900, guid: 79d779433f4014344aafaba426f9cc88, type: 3}
      propertyPath: m_LocalRotation.x
      value: 0
      objectReference: {fileID: 0}
    - target: {fileID: 4939291082442900, guid: 79d779433f4014344aafaba426f9cc88, type: 3}
      propertyPath: m_LocalRotation.y
      value: 0
      objectReference: {fileID: 0}
    - target: {fileID: 4939291082442900, guid: 79d779433f4014344aafaba426f9cc88, type: 3}
      propertyPath: m_LocalRotation.z
      value: 0
      objectReference: {fileID: 0}
    - target: {fileID: 4939291082442900, guid: 79d779433f4014344aafaba426f9cc88, type: 3}
      propertyPath: m_LocalRotation.w
      value: 1
      objectReference: {fileID: 0}
    - target: {fileID: 4939291082442900, guid: 79d779433f4014344aafaba426f9cc88, type: 3}
      propertyPath: m_RootOrder
      value: 11
      objectReference: {fileID: 0}
    - target: {fileID: 4939291082442900, guid: 79d779433f4014344aafaba426f9cc88, type: 3}
      propertyPath: m_LocalEulerAnglesHint.x
      value: 0
      objectReference: {fileID: 0}
    - target: {fileID: 4939291082442900, guid: 79d779433f4014344aafaba426f9cc88, type: 3}
      propertyPath: m_LocalEulerAnglesHint.y
      value: 0
      objectReference: {fileID: 0}
    - target: {fileID: 4939291082442900, guid: 79d779433f4014344aafaba426f9cc88, type: 3}
      propertyPath: m_LocalEulerAnglesHint.z
      value: 0
      objectReference: {fileID: 0}
    m_RemovedComponents: []
  m_SourcePrefab: {fileID: 100100000, guid: 79d779433f4014344aafaba426f9cc88, type: 3}
--- !u!4 &4449310315196933348 stripped
Transform:
  m_CorrespondingSourceObject: {fileID: 4939291082442900, guid: 79d779433f4014344aafaba426f9cc88,
    type: 3}
  m_PrefabInstance: {fileID: 4444679457061612656}
  m_PrefabAsset: {fileID: 0}
--- !u!1001 &4444679457073240403
PrefabInstance:
  m_ObjectHideFlags: 0
  serializedVersion: 2
  m_Modification:
    m_TransformParent: {fileID: 4444679457742563176}
    m_Modifications:
    - target: {fileID: 1777424294477136, guid: 79d779433f4014344aafaba426f9cc88, type: 3}
      propertyPath: m_Name
      value: LevelBlock (10)
      objectReference: {fileID: 0}
    - target: {fileID: 4939291082442900, guid: 79d779433f4014344aafaba426f9cc88, type: 3}
      propertyPath: m_LocalPosition.x
      value: 4
      objectReference: {fileID: 0}
    - target: {fileID: 4939291082442900, guid: 79d779433f4014344aafaba426f9cc88, type: 3}
      propertyPath: m_LocalPosition.y
      value: 0
      objectReference: {fileID: 0}
    - target: {fileID: 4939291082442900, guid: 79d779433f4014344aafaba426f9cc88, type: 3}
      propertyPath: m_LocalPosition.z
      value: 4
      objectReference: {fileID: 0}
    - target: {fileID: 4939291082442900, guid: 79d779433f4014344aafaba426f9cc88, type: 3}
      propertyPath: m_LocalRotation.x
      value: 0
      objectReference: {fileID: 0}
    - target: {fileID: 4939291082442900, guid: 79d779433f4014344aafaba426f9cc88, type: 3}
      propertyPath: m_LocalRotation.y
      value: 0
      objectReference: {fileID: 0}
    - target: {fileID: 4939291082442900, guid: 79d779433f4014344aafaba426f9cc88, type: 3}
      propertyPath: m_LocalRotation.z
      value: 0
      objectReference: {fileID: 0}
    - target: {fileID: 4939291082442900, guid: 79d779433f4014344aafaba426f9cc88, type: 3}
      propertyPath: m_LocalRotation.w
      value: 1
      objectReference: {fileID: 0}
    - target: {fileID: 4939291082442900, guid: 79d779433f4014344aafaba426f9cc88, type: 3}
      propertyPath: m_RootOrder
      value: 10
      objectReference: {fileID: 0}
    - target: {fileID: 4939291082442900, guid: 79d779433f4014344aafaba426f9cc88, type: 3}
      propertyPath: m_LocalEulerAnglesHint.x
      value: 0
      objectReference: {fileID: 0}
    - target: {fileID: 4939291082442900, guid: 79d779433f4014344aafaba426f9cc88, type: 3}
      propertyPath: m_LocalEulerAnglesHint.y
      value: 0
      objectReference: {fileID: 0}
    - target: {fileID: 4939291082442900, guid: 79d779433f4014344aafaba426f9cc88, type: 3}
      propertyPath: m_LocalEulerAnglesHint.z
      value: 0
      objectReference: {fileID: 0}
    m_RemovedComponents: []
  m_SourcePrefab: {fileID: 100100000, guid: 79d779433f4014344aafaba426f9cc88, type: 3}
--- !u!4 &4449310315204235719 stripped
Transform:
  m_CorrespondingSourceObject: {fileID: 4939291082442900, guid: 79d779433f4014344aafaba426f9cc88,
    type: 3}
  m_PrefabInstance: {fileID: 4444679457073240403}
  m_PrefabAsset: {fileID: 0}
--- !u!1001 &4444679457173727332
PrefabInstance:
  m_ObjectHideFlags: 0
  serializedVersion: 2
  m_Modification:
    m_TransformParent: {fileID: 4444679457742563176}
    m_Modifications:
    - target: {fileID: 1777424294477136, guid: 79d779433f4014344aafaba426f9cc88, type: 3}
      propertyPath: m_Name
      value: LevelBlock (28)
      objectReference: {fileID: 0}
    - target: {fileID: 4939291082442900, guid: 79d779433f4014344aafaba426f9cc88, type: 3}
      propertyPath: m_LocalPosition.x
      value: 4
      objectReference: {fileID: 0}
    - target: {fileID: 4939291082442900, guid: 79d779433f4014344aafaba426f9cc88, type: 3}
      propertyPath: m_LocalPosition.y
      value: 0
      objectReference: {fileID: 0}
    - target: {fileID: 4939291082442900, guid: 79d779433f4014344aafaba426f9cc88, type: 3}
      propertyPath: m_LocalPosition.z
      value: 1
      objectReference: {fileID: 0}
    - target: {fileID: 4939291082442900, guid: 79d779433f4014344aafaba426f9cc88, type: 3}
      propertyPath: m_LocalRotation.x
      value: 0
      objectReference: {fileID: 0}
    - target: {fileID: 4939291082442900, guid: 79d779433f4014344aafaba426f9cc88, type: 3}
      propertyPath: m_LocalRotation.y
      value: 0
      objectReference: {fileID: 0}
    - target: {fileID: 4939291082442900, guid: 79d779433f4014344aafaba426f9cc88, type: 3}
      propertyPath: m_LocalRotation.z
      value: 0
      objectReference: {fileID: 0}
    - target: {fileID: 4939291082442900, guid: 79d779433f4014344aafaba426f9cc88, type: 3}
      propertyPath: m_LocalRotation.w
      value: 1
      objectReference: {fileID: 0}
    - target: {fileID: 4939291082442900, guid: 79d779433f4014344aafaba426f9cc88, type: 3}
      propertyPath: m_RootOrder
      value: 23
      objectReference: {fileID: 0}
    - target: {fileID: 4939291082442900, guid: 79d779433f4014344aafaba426f9cc88, type: 3}
      propertyPath: m_LocalEulerAnglesHint.x
      value: 0
      objectReference: {fileID: 0}
    - target: {fileID: 4939291082442900, guid: 79d779433f4014344aafaba426f9cc88, type: 3}
      propertyPath: m_LocalEulerAnglesHint.y
      value: 0
      objectReference: {fileID: 0}
    - target: {fileID: 4939291082442900, guid: 79d779433f4014344aafaba426f9cc88, type: 3}
      propertyPath: m_LocalEulerAnglesHint.z
      value: 0
      objectReference: {fileID: 0}
    m_RemovedComponents: []
  m_SourcePrefab: {fileID: 100100000, guid: 79d779433f4014344aafaba426f9cc88, type: 3}
--- !u!4 &4449310315371929840 stripped
Transform:
  m_CorrespondingSourceObject: {fileID: 4939291082442900, guid: 79d779433f4014344aafaba426f9cc88,
    type: 3}
  m_PrefabInstance: {fileID: 4444679457173727332}
  m_PrefabAsset: {fileID: 0}
--- !u!1001 &4444679457185199238
PrefabInstance:
  m_ObjectHideFlags: 0
  serializedVersion: 2
  m_Modification:
    m_TransformParent: {fileID: 4444679457742563176}
    m_Modifications:
    - target: {fileID: 1777424294477136, guid: 79d779433f4014344aafaba426f9cc88, type: 3}
      propertyPath: m_Name
      value: LevelBlock (3)
      objectReference: {fileID: 0}
    - target: {fileID: 4939291082442900, guid: 79d779433f4014344aafaba426f9cc88, type: 3}
      propertyPath: m_LocalPosition.x
      value: 3
      objectReference: {fileID: 0}
    - target: {fileID: 4939291082442900, guid: 79d779433f4014344aafaba426f9cc88, type: 3}
      propertyPath: m_LocalPosition.y
      value: 0
      objectReference: {fileID: 0}
    - target: {fileID: 4939291082442900, guid: 79d779433f4014344aafaba426f9cc88, type: 3}
      propertyPath: m_LocalPosition.z
      value: 0
      objectReference: {fileID: 0}
    - target: {fileID: 4939291082442900, guid: 79d779433f4014344aafaba426f9cc88, type: 3}
      propertyPath: m_LocalRotation.x
      value: 0
      objectReference: {fileID: 0}
    - target: {fileID: 4939291082442900, guid: 79d779433f4014344aafaba426f9cc88, type: 3}
      propertyPath: m_LocalRotation.y
      value: 0
      objectReference: {fileID: 0}
    - target: {fileID: 4939291082442900, guid: 79d779433f4014344aafaba426f9cc88, type: 3}
      propertyPath: m_LocalRotation.z
      value: 0
      objectReference: {fileID: 0}
    - target: {fileID: 4939291082442900, guid: 79d779433f4014344aafaba426f9cc88, type: 3}
      propertyPath: m_LocalRotation.w
      value: 1
      objectReference: {fileID: 0}
    - target: {fileID: 4939291082442900, guid: 79d779433f4014344aafaba426f9cc88, type: 3}
      propertyPath: m_RootOrder
      value: 3
      objectReference: {fileID: 0}
    - target: {fileID: 4939291082442900, guid: 79d779433f4014344aafaba426f9cc88, type: 3}
      propertyPath: m_LocalEulerAnglesHint.x
      value: 0
      objectReference: {fileID: 0}
    - target: {fileID: 4939291082442900, guid: 79d779433f4014344aafaba426f9cc88, type: 3}
      propertyPath: m_LocalEulerAnglesHint.y
      value: 0
      objectReference: {fileID: 0}
    - target: {fileID: 4939291082442900, guid: 79d779433f4014344aafaba426f9cc88, type: 3}
      propertyPath: m_LocalEulerAnglesHint.z
      value: 0
      objectReference: {fileID: 0}
    m_RemovedComponents: []
  m_SourcePrefab: {fileID: 100100000, guid: 79d779433f4014344aafaba426f9cc88, type: 3}
--- !u!4 &4449310315378031634 stripped
Transform:
  m_CorrespondingSourceObject: {fileID: 4939291082442900, guid: 79d779433f4014344aafaba426f9cc88,
    type: 3}
  m_PrefabInstance: {fileID: 4444679457185199238}
  m_PrefabAsset: {fileID: 0}
--- !u!1001 &4444679457235191911
PrefabInstance:
  m_ObjectHideFlags: 0
  serializedVersion: 2
  m_Modification:
    m_TransformParent: {fileID: 4444679457742563176}
    m_Modifications:
    - target: {fileID: 1777424294477136, guid: 79d779433f4014344aafaba426f9cc88, type: 3}
      propertyPath: m_Name
      value: LevelBlock (9)
      objectReference: {fileID: 0}
    - target: {fileID: 4939291082442900, guid: 79d779433f4014344aafaba426f9cc88, type: 3}
      propertyPath: m_LocalPosition.x
      value: 3
      objectReference: {fileID: 0}
    - target: {fileID: 4939291082442900, guid: 79d779433f4014344aafaba426f9cc88, type: 3}
      propertyPath: m_LocalPosition.y
      value: 0
      objectReference: {fileID: 0}
    - target: {fileID: 4939291082442900, guid: 79d779433f4014344aafaba426f9cc88, type: 3}
      propertyPath: m_LocalPosition.z
      value: 4
      objectReference: {fileID: 0}
    - target: {fileID: 4939291082442900, guid: 79d779433f4014344aafaba426f9cc88, type: 3}
      propertyPath: m_LocalRotation.x
      value: 0
      objectReference: {fileID: 0}
    - target: {fileID: 4939291082442900, guid: 79d779433f4014344aafaba426f9cc88, type: 3}
      propertyPath: m_LocalRotation.y
      value: 0
      objectReference: {fileID: 0}
    - target: {fileID: 4939291082442900, guid: 79d779433f4014344aafaba426f9cc88, type: 3}
      propertyPath: m_LocalRotation.z
      value: 0
      objectReference: {fileID: 0}
    - target: {fileID: 4939291082442900, guid: 79d779433f4014344aafaba426f9cc88, type: 3}
      propertyPath: m_LocalRotation.w
      value: 1
      objectReference: {fileID: 0}
    - target: {fileID: 4939291082442900, guid: 79d779433f4014344aafaba426f9cc88, type: 3}
      propertyPath: m_RootOrder
      value: 9
      objectReference: {fileID: 0}
    - target: {fileID: 4939291082442900, guid: 79d779433f4014344aafaba426f9cc88, type: 3}
      propertyPath: m_LocalEulerAnglesHint.x
      value: 0
      objectReference: {fileID: 0}
    - target: {fileID: 4939291082442900, guid: 79d779433f4014344aafaba426f9cc88, type: 3}
      propertyPath: m_LocalEulerAnglesHint.y
      value: 0
      objectReference: {fileID: 0}
    - target: {fileID: 4939291082442900, guid: 79d779433f4014344aafaba426f9cc88, type: 3}
      propertyPath: m_LocalEulerAnglesHint.z
      value: 0
      objectReference: {fileID: 0}
    m_RemovedComponents: []
  m_SourcePrefab: {fileID: 100100000, guid: 79d779433f4014344aafaba426f9cc88, type: 3}
--- !u!4 &4449310315428151539 stripped
Transform:
  m_CorrespondingSourceObject: {fileID: 4939291082442900, guid: 79d779433f4014344aafaba426f9cc88,
    type: 3}
  m_PrefabInstance: {fileID: 4444679457235191911}
  m_PrefabAsset: {fileID: 0}
--- !u!1001 &4444679457343265990
PrefabInstance:
  m_ObjectHideFlags: 0
  serializedVersion: 2
  m_Modification:
    m_TransformParent: {fileID: 4444679457742563176}
    m_Modifications:
    - target: {fileID: 1777424294477136, guid: 79d779433f4014344aafaba426f9cc88, type: 3}
      propertyPath: m_Name
      value: LevelBlock (31)
      objectReference: {fileID: 0}
    - target: {fileID: 4939291082442900, guid: 79d779433f4014344aafaba426f9cc88, type: 3}
      propertyPath: m_LocalPosition.x
      value: 6
      objectReference: {fileID: 0}
    - target: {fileID: 4939291082442900, guid: 79d779433f4014344aafaba426f9cc88, type: 3}
      propertyPath: m_LocalPosition.y
      value: 0
      objectReference: {fileID: 0}
    - target: {fileID: 4939291082442900, guid: 79d779433f4014344aafaba426f9cc88, type: 3}
      propertyPath: m_LocalPosition.z
      value: 3
      objectReference: {fileID: 0}
    - target: {fileID: 4939291082442900, guid: 79d779433f4014344aafaba426f9cc88, type: 3}
      propertyPath: m_LocalRotation.x
      value: 0
      objectReference: {fileID: 0}
    - target: {fileID: 4939291082442900, guid: 79d779433f4014344aafaba426f9cc88, type: 3}
      propertyPath: m_LocalRotation.y
      value: 0
      objectReference: {fileID: 0}
    - target: {fileID: 4939291082442900, guid: 79d779433f4014344aafaba426f9cc88, type: 3}
      propertyPath: m_LocalRotation.z
      value: 0
      objectReference: {fileID: 0}
    - target: {fileID: 4939291082442900, guid: 79d779433f4014344aafaba426f9cc88, type: 3}
      propertyPath: m_LocalRotation.w
      value: 1
      objectReference: {fileID: 0}
    - target: {fileID: 4939291082442900, guid: 79d779433f4014344aafaba426f9cc88, type: 3}
      propertyPath: m_RootOrder
      value: 26
      objectReference: {fileID: 0}
    - target: {fileID: 4939291082442900, guid: 79d779433f4014344aafaba426f9cc88, type: 3}
      propertyPath: m_LocalEulerAnglesHint.x
      value: 0
      objectReference: {fileID: 0}
    - target: {fileID: 4939291082442900, guid: 79d779433f4014344aafaba426f9cc88, type: 3}
      propertyPath: m_LocalEulerAnglesHint.y
      value: 0
      objectReference: {fileID: 0}
    - target: {fileID: 4939291082442900, guid: 79d779433f4014344aafaba426f9cc88, type: 3}
      propertyPath: m_LocalEulerAnglesHint.z
      value: 0
      objectReference: {fileID: 0}
    m_RemovedComponents: []
  m_SourcePrefab: {fileID: 100100000, guid: 79d779433f4014344aafaba426f9cc88, type: 3}
--- !u!4 &4449310316005856338 stripped
Transform:
  m_CorrespondingSourceObject: {fileID: 4939291082442900, guid: 79d779433f4014344aafaba426f9cc88,
    type: 3}
  m_PrefabInstance: {fileID: 4444679457343265990}
  m_PrefabAsset: {fileID: 0}
--- !u!1001 &4444679457369029940
PrefabInstance:
  m_ObjectHideFlags: 0
  serializedVersion: 2
  m_Modification:
    m_TransformParent: {fileID: 4444679457742563176}
    m_Modifications:
    - target: {fileID: 1777424294477136, guid: 79d779433f4014344aafaba426f9cc88, type: 3}
      propertyPath: m_Name
      value: LevelBlock (27)
      objectReference: {fileID: 0}
    - target: {fileID: 4939291082442900, guid: 79d779433f4014344aafaba426f9cc88, type: 3}
      propertyPath: m_LocalPosition.x
      value: 4
      objectReference: {fileID: 0}
    - target: {fileID: 4939291082442900, guid: 79d779433f4014344aafaba426f9cc88, type: 3}
      propertyPath: m_LocalPosition.y
      value: 0
      objectReference: {fileID: 0}
    - target: {fileID: 4939291082442900, guid: 79d779433f4014344aafaba426f9cc88, type: 3}
      propertyPath: m_LocalPosition.z
      value: 2
      objectReference: {fileID: 0}
    - target: {fileID: 4939291082442900, guid: 79d779433f4014344aafaba426f9cc88, type: 3}
      propertyPath: m_LocalRotation.x
      value: 0
      objectReference: {fileID: 0}
    - target: {fileID: 4939291082442900, guid: 79d779433f4014344aafaba426f9cc88, type: 3}
      propertyPath: m_LocalRotation.y
      value: 0
      objectReference: {fileID: 0}
    - target: {fileID: 4939291082442900, guid: 79d779433f4014344aafaba426f9cc88, type: 3}
      propertyPath: m_LocalRotation.z
      value: 0
      objectReference: {fileID: 0}
    - target: {fileID: 4939291082442900, guid: 79d779433f4014344aafaba426f9cc88, type: 3}
      propertyPath: m_LocalRotation.w
      value: 1
      objectReference: {fileID: 0}
    - target: {fileID: 4939291082442900, guid: 79d779433f4014344aafaba426f9cc88, type: 3}
      propertyPath: m_RootOrder
      value: 22
      objectReference: {fileID: 0}
    - target: {fileID: 4939291082442900, guid: 79d779433f4014344aafaba426f9cc88, type: 3}
      propertyPath: m_LocalEulerAnglesHint.x
      value: 0
      objectReference: {fileID: 0}
    - target: {fileID: 4939291082442900, guid: 79d779433f4014344aafaba426f9cc88, type: 3}
      propertyPath: m_LocalEulerAnglesHint.y
      value: 0
      objectReference: {fileID: 0}
    - target: {fileID: 4939291082442900, guid: 79d779433f4014344aafaba426f9cc88, type: 3}
      propertyPath: m_LocalEulerAnglesHint.z
      value: 0
      objectReference: {fileID: 0}
    m_RemovedComponents: []
  m_SourcePrefab: {fileID: 100100000, guid: 79d779433f4014344aafaba426f9cc88, type: 3}
--- !u!4 &4449310316099909024 stripped
Transform:
  m_CorrespondingSourceObject: {fileID: 4939291082442900, guid: 79d779433f4014344aafaba426f9cc88,
    type: 3}
  m_PrefabInstance: {fileID: 4444679457369029940}
  m_PrefabAsset: {fileID: 0}
--- !u!1001 &4444679457371404877
PrefabInstance:
  m_ObjectHideFlags: 0
  serializedVersion: 2
  m_Modification:
    m_TransformParent: {fileID: 4444679457742563176}
    m_Modifications:
    - target: {fileID: 1777424294477136, guid: 79d779433f4014344aafaba426f9cc88, type: 3}
      propertyPath: m_Name
      value: LevelBlock (22)
      objectReference: {fileID: 0}
    - target: {fileID: 4939291082442900, guid: 79d779433f4014344aafaba426f9cc88, type: 3}
      propertyPath: m_LocalPosition.x
      value: 5
      objectReference: {fileID: 0}
    - target: {fileID: 4939291082442900, guid: 79d779433f4014344aafaba426f9cc88, type: 3}
      propertyPath: m_LocalPosition.y
      value: 0
      objectReference: {fileID: 0}
    - target: {fileID: 4939291082442900, guid: 79d779433f4014344aafaba426f9cc88, type: 3}
      propertyPath: m_LocalPosition.z
      value: 3
      objectReference: {fileID: 0}
    - target: {fileID: 4939291082442900, guid: 79d779433f4014344aafaba426f9cc88, type: 3}
      propertyPath: m_LocalRotation.x
      value: 0
      objectReference: {fileID: 0}
    - target: {fileID: 4939291082442900, guid: 79d779433f4014344aafaba426f9cc88, type: 3}
      propertyPath: m_LocalRotation.y
      value: 0
      objectReference: {fileID: 0}
    - target: {fileID: 4939291082442900, guid: 79d779433f4014344aafaba426f9cc88, type: 3}
      propertyPath: m_LocalRotation.z
      value: 0
      objectReference: {fileID: 0}
    - target: {fileID: 4939291082442900, guid: 79d779433f4014344aafaba426f9cc88, type: 3}
      propertyPath: m_LocalRotation.w
      value: 1
      objectReference: {fileID: 0}
    - target: {fileID: 4939291082442900, guid: 79d779433f4014344aafaba426f9cc88, type: 3}
      propertyPath: m_RootOrder
      value: 17
      objectReference: {fileID: 0}
    - target: {fileID: 4939291082442900, guid: 79d779433f4014344aafaba426f9cc88, type: 3}
      propertyPath: m_LocalEulerAnglesHint.x
      value: 0
      objectReference: {fileID: 0}
    - target: {fileID: 4939291082442900, guid: 79d779433f4014344aafaba426f9cc88, type: 3}
      propertyPath: m_LocalEulerAnglesHint.y
      value: 0
      objectReference: {fileID: 0}
    - target: {fileID: 4939291082442900, guid: 79d779433f4014344aafaba426f9cc88, type: 3}
      propertyPath: m_LocalEulerAnglesHint.z
      value: 0
      objectReference: {fileID: 0}
    m_RemovedComponents: []
  m_SourcePrefab: {fileID: 100100000, guid: 79d779433f4014344aafaba426f9cc88, type: 3}
--- !u!4 &4449310316113720025 stripped
Transform:
  m_CorrespondingSourceObject: {fileID: 4939291082442900, guid: 79d779433f4014344aafaba426f9cc88,
    type: 3}
  m_PrefabInstance: {fileID: 4444679457371404877}
  m_PrefabAsset: {fileID: 0}
--- !u!1001 &4444679457408356935
PrefabInstance:
  m_ObjectHideFlags: 0
  serializedVersion: 2
  m_Modification:
    m_TransformParent: {fileID: 4444679457742563176}
    m_Modifications:
    - target: {fileID: 1777424294477136, guid: 79d779433f4014344aafaba426f9cc88, type: 3}
      propertyPath: m_Name
      value: LevelBlock (21)
      objectReference: {fileID: 0}
    - target: {fileID: 4939291082442900, guid: 79d779433f4014344aafaba426f9cc88, type: 3}
      propertyPath: m_LocalPosition.x
      value: 5
      objectReference: {fileID: 0}
    - target: {fileID: 4939291082442900, guid: 79d779433f4014344aafaba426f9cc88, type: 3}
      propertyPath: m_LocalPosition.y
      value: 0
      objectReference: {fileID: 0}
    - target: {fileID: 4939291082442900, guid: 79d779433f4014344aafaba426f9cc88, type: 3}
      propertyPath: m_LocalPosition.z
      value: 2
      objectReference: {fileID: 0}
    - target: {fileID: 4939291082442900, guid: 79d779433f4014344aafaba426f9cc88, type: 3}
      propertyPath: m_LocalRotation.x
      value: 0
      objectReference: {fileID: 0}
    - target: {fileID: 4939291082442900, guid: 79d779433f4014344aafaba426f9cc88, type: 3}
      propertyPath: m_LocalRotation.y
      value: 0
      objectReference: {fileID: 0}
    - target: {fileID: 4939291082442900, guid: 79d779433f4014344aafaba426f9cc88, type: 3}
      propertyPath: m_LocalRotation.z
      value: 0
      objectReference: {fileID: 0}
    - target: {fileID: 4939291082442900, guid: 79d779433f4014344aafaba426f9cc88, type: 3}
      propertyPath: m_LocalRotation.w
      value: 1
      objectReference: {fileID: 0}
    - target: {fileID: 4939291082442900, guid: 79d779433f4014344aafaba426f9cc88, type: 3}
      propertyPath: m_RootOrder
      value: 16
      objectReference: {fileID: 0}
    - target: {fileID: 4939291082442900, guid: 79d779433f4014344aafaba426f9cc88, type: 3}
      propertyPath: m_LocalEulerAnglesHint.x
      value: 0
      objectReference: {fileID: 0}
    - target: {fileID: 4939291082442900, guid: 79d779433f4014344aafaba426f9cc88, type: 3}
      propertyPath: m_LocalEulerAnglesHint.y
      value: 0
      objectReference: {fileID: 0}
    - target: {fileID: 4939291082442900, guid: 79d779433f4014344aafaba426f9cc88, type: 3}
      propertyPath: m_LocalEulerAnglesHint.z
      value: 0
      objectReference: {fileID: 0}
    m_RemovedComponents: []
  m_SourcePrefab: {fileID: 100100000, guid: 79d779433f4014344aafaba426f9cc88, type: 3}
--- !u!4 &4449310316075178707 stripped
Transform:
  m_CorrespondingSourceObject: {fileID: 4939291082442900, guid: 79d779433f4014344aafaba426f9cc88,
    type: 3}
  m_PrefabInstance: {fileID: 4444679457408356935}
  m_PrefabAsset: {fileID: 0}
--- !u!1001 &4444679457463062035
PrefabInstance:
  m_ObjectHideFlags: 0
  serializedVersion: 2
  m_Modification:
    m_TransformParent: {fileID: 4444679457742563176}
    m_Modifications:
    - target: {fileID: 1777424294477136, guid: 79d779433f4014344aafaba426f9cc88, type: 3}
      propertyPath: m_Name
      value: LevelBlock (26)
      objectReference: {fileID: 0}
    - target: {fileID: 4939291082442900, guid: 79d779433f4014344aafaba426f9cc88, type: 3}
      propertyPath: m_LocalPosition.x
      value: 3
      objectReference: {fileID: 0}
    - target: {fileID: 4939291082442900, guid: 79d779433f4014344aafaba426f9cc88, type: 3}
      propertyPath: m_LocalPosition.y
      value: 0
      objectReference: {fileID: 0}
    - target: {fileID: 4939291082442900, guid: 79d779433f4014344aafaba426f9cc88, type: 3}
      propertyPath: m_LocalPosition.z
      value: 2
      objectReference: {fileID: 0}
    - target: {fileID: 4939291082442900, guid: 79d779433f4014344aafaba426f9cc88, type: 3}
      propertyPath: m_LocalRotation.x
      value: 0
      objectReference: {fileID: 0}
    - target: {fileID: 4939291082442900, guid: 79d779433f4014344aafaba426f9cc88, type: 3}
      propertyPath: m_LocalRotation.y
      value: 0
      objectReference: {fileID: 0}
    - target: {fileID: 4939291082442900, guid: 79d779433f4014344aafaba426f9cc88, type: 3}
      propertyPath: m_LocalRotation.z
      value: 0
      objectReference: {fileID: 0}
    - target: {fileID: 4939291082442900, guid: 79d779433f4014344aafaba426f9cc88, type: 3}
      propertyPath: m_LocalRotation.w
      value: 1
      objectReference: {fileID: 0}
    - target: {fileID: 4939291082442900, guid: 79d779433f4014344aafaba426f9cc88, type: 3}
      propertyPath: m_RootOrder
      value: 21
      objectReference: {fileID: 0}
    - target: {fileID: 4939291082442900, guid: 79d779433f4014344aafaba426f9cc88, type: 3}
      propertyPath: m_LocalEulerAnglesHint.x
      value: 0
      objectReference: {fileID: 0}
    - target: {fileID: 4939291082442900, guid: 79d779433f4014344aafaba426f9cc88, type: 3}
      propertyPath: m_LocalEulerAnglesHint.y
      value: 0
      objectReference: {fileID: 0}
    - target: {fileID: 4939291082442900, guid: 79d779433f4014344aafaba426f9cc88, type: 3}
      propertyPath: m_LocalEulerAnglesHint.z
      value: 0
      objectReference: {fileID: 0}
    m_RemovedComponents: []
  m_SourcePrefab: {fileID: 100100000, guid: 79d779433f4014344aafaba426f9cc88, type: 3}
--- !u!4 &4449310316138235527 stripped
Transform:
  m_CorrespondingSourceObject: {fileID: 4939291082442900, guid: 79d779433f4014344aafaba426f9cc88,
    type: 3}
  m_PrefabInstance: {fileID: 4444679457463062035}
  m_PrefabAsset: {fileID: 0}
--- !u!1001 &4444679457551968689
PrefabInstance:
  m_ObjectHideFlags: 0
  serializedVersion: 2
  m_Modification:
    m_TransformParent: {fileID: 4444679457742563176}
    m_Modifications:
    - target: {fileID: 1777424294477136, guid: 79d779433f4014344aafaba426f9cc88, type: 3}
      propertyPath: m_Name
      value: LevelBlock (6)
      objectReference: {fileID: 0}
    - target: {fileID: 4939291082442900, guid: 79d779433f4014344aafaba426f9cc88, type: 3}
      propertyPath: m_LocalPosition.x
      value: 2
      objectReference: {fileID: 0}
    - target: {fileID: 4939291082442900, guid: 79d779433f4014344aafaba426f9cc88, type: 3}
      propertyPath: m_LocalPosition.y
      value: 0
      objectReference: {fileID: 0}
    - target: {fileID: 4939291082442900, guid: 79d779433f4014344aafaba426f9cc88, type: 3}
      propertyPath: m_LocalPosition.z
      value: 2
      objectReference: {fileID: 0}
    - target: {fileID: 4939291082442900, guid: 79d779433f4014344aafaba426f9cc88, type: 3}
      propertyPath: m_LocalRotation.x
      value: 0
      objectReference: {fileID: 0}
    - target: {fileID: 4939291082442900, guid: 79d779433f4014344aafaba426f9cc88, type: 3}
      propertyPath: m_LocalRotation.y
      value: 0
      objectReference: {fileID: 0}
    - target: {fileID: 4939291082442900, guid: 79d779433f4014344aafaba426f9cc88, type: 3}
      propertyPath: m_LocalRotation.z
      value: 0
      objectReference: {fileID: 0}
    - target: {fileID: 4939291082442900, guid: 79d779433f4014344aafaba426f9cc88, type: 3}
      propertyPath: m_LocalRotation.w
      value: 1
      objectReference: {fileID: 0}
    - target: {fileID: 4939291082442900, guid: 79d779433f4014344aafaba426f9cc88, type: 3}
      propertyPath: m_RootOrder
      value: 6
      objectReference: {fileID: 0}
    - target: {fileID: 4939291082442900, guid: 79d779433f4014344aafaba426f9cc88, type: 3}
      propertyPath: m_LocalEulerAnglesHint.x
      value: 0
      objectReference: {fileID: 0}
    - target: {fileID: 4939291082442900, guid: 79d779433f4014344aafaba426f9cc88, type: 3}
      propertyPath: m_LocalEulerAnglesHint.y
      value: 0
      objectReference: {fileID: 0}
    - target: {fileID: 4939291082442900, guid: 79d779433f4014344aafaba426f9cc88, type: 3}
      propertyPath: m_LocalEulerAnglesHint.z
      value: 0
      objectReference: {fileID: 0}
    m_RemovedComponents: []
  m_SourcePrefab: {fileID: 100100000, guid: 79d779433f4014344aafaba426f9cc88, type: 3}
--- !u!4 &4449310316218884389 stripped
Transform:
  m_CorrespondingSourceObject: {fileID: 4939291082442900, guid: 79d779433f4014344aafaba426f9cc88,
    type: 3}
  m_PrefabInstance: {fileID: 4444679457551968689}
  m_PrefabAsset: {fileID: 0}
--- !u!1001 &4444679457759125265
PrefabInstance:
  m_ObjectHideFlags: 0
  serializedVersion: 2
  m_Modification:
    m_TransformParent: {fileID: 4444679457742563176}
    m_Modifications:
    - target: {fileID: 1777424294477136, guid: 79d779433f4014344aafaba426f9cc88, type: 3}
      propertyPath: m_Name
      value: LevelBlock (5)
      objectReference: {fileID: 0}
    - target: {fileID: 4939291082442900, guid: 79d779433f4014344aafaba426f9cc88, type: 3}
      propertyPath: m_LocalPosition.x
      value: 2
      objectReference: {fileID: 0}
    - target: {fileID: 4939291082442900, guid: 79d779433f4014344aafaba426f9cc88, type: 3}
      propertyPath: m_LocalPosition.y
      value: 0
      objectReference: {fileID: 0}
    - target: {fileID: 4939291082442900, guid: 79d779433f4014344aafaba426f9cc88, type: 3}
      propertyPath: m_LocalPosition.z
      value: 1
      objectReference: {fileID: 0}
    - target: {fileID: 4939291082442900, guid: 79d779433f4014344aafaba426f9cc88, type: 3}
      propertyPath: m_LocalRotation.x
      value: 0
      objectReference: {fileID: 0}
    - target: {fileID: 4939291082442900, guid: 79d779433f4014344aafaba426f9cc88, type: 3}
      propertyPath: m_LocalRotation.y
      value: 0
      objectReference: {fileID: 0}
    - target: {fileID: 4939291082442900, guid: 79d779433f4014344aafaba426f9cc88, type: 3}
      propertyPath: m_LocalRotation.z
      value: 0
      objectReference: {fileID: 0}
    - target: {fileID: 4939291082442900, guid: 79d779433f4014344aafaba426f9cc88, type: 3}
      propertyPath: m_LocalRotation.w
      value: 1
      objectReference: {fileID: 0}
    - target: {fileID: 4939291082442900, guid: 79d779433f4014344aafaba426f9cc88, type: 3}
      propertyPath: m_RootOrder
      value: 5
      objectReference: {fileID: 0}
    - target: {fileID: 4939291082442900, guid: 79d779433f4014344aafaba426f9cc88, type: 3}
      propertyPath: m_LocalEulerAnglesHint.x
      value: 0
      objectReference: {fileID: 0}
    - target: {fileID: 4939291082442900, guid: 79d779433f4014344aafaba426f9cc88, type: 3}
      propertyPath: m_LocalEulerAnglesHint.y
      value: 0
      objectReference: {fileID: 0}
    - target: {fileID: 4939291082442900, guid: 79d779433f4014344aafaba426f9cc88, type: 3}
      propertyPath: m_LocalEulerAnglesHint.z
      value: 0
      objectReference: {fileID: 0}
    m_RemovedComponents: []
  m_SourcePrefab: {fileID: 100100000, guid: 79d779433f4014344aafaba426f9cc88, type: 3}
--- !u!4 &4449310315961390981 stripped
Transform:
  m_CorrespondingSourceObject: {fileID: 4939291082442900, guid: 79d779433f4014344aafaba426f9cc88,
    type: 3}
  m_PrefabInstance: {fileID: 4444679457759125265}
  m_PrefabAsset: {fileID: 0}
