%YAML 1.1
%TAG !u! tag:unity3d.com,2011:
--- !u!29 &1
OcclusionCullingSettings:
  m_ObjectHideFlags: 0
  serializedVersion: 2
  m_OcclusionBakeSettings:
    smallestOccluder: 5
    smallestHole: 0.25
    backfaceThreshold: 100
  m_SceneGUID: 00000000000000000000000000000000
  m_OcclusionCullingData: {fileID: 0}
--- !u!104 &2
RenderSettings:
  m_ObjectHideFlags: 0
  serializedVersion: 9
  m_Fog: 0
  m_FogColor: {r: 0.5, g: 0.5, b: 0.5, a: 1}
  m_FogMode: 3
  m_FogDensity: 0.01
  m_LinearFogStart: 0
  m_LinearFogEnd: 300
  m_AmbientSkyColor: {r: 0.212, g: 0.227, b: 0.259, a: 1}
  m_AmbientEquatorColor: {r: 0.114, g: 0.125, b: 0.133, a: 1}
  m_AmbientGroundColor: {r: 0.047, g: 0.043, b: 0.035, a: 1}
  m_AmbientIntensity: 8
  m_AmbientMode: 0
  m_SubtractiveShadowColor: {r: 0.42, g: 0.478, b: 0.627, a: 1}
  m_SkyboxMaterial: {fileID: 2100000, guid: 2d056ac30ecc9e542b26e06133f23602, type: 2}
  m_HaloStrength: 0.5
  m_FlareStrength: 1
  m_FlareFadeSpeed: 3
  m_HaloTexture: {fileID: 0}
  m_SpotCookie: {fileID: 10001, guid: 0000000000000000e000000000000000, type: 0}
  m_DefaultReflectionMode: 0
  m_DefaultReflectionResolution: 128
  m_ReflectionBounces: 1
  m_ReflectionIntensity: 1
  m_CustomReflection: {fileID: 0}
  m_Sun: {fileID: 0}
  m_IndirectSpecularColor: {r: 0.016090982, g: 0.01466979, b: 0.013826404, a: 1}
  m_UseRadianceAmbientProbe: 0
--- !u!157 &3
LightmapSettings:
  m_ObjectHideFlags: 0
  serializedVersion: 11
  m_GIWorkflowMode: 0
  m_GISettings:
    serializedVersion: 2
    m_BounceScale: 1
    m_IndirectOutputScale: 1
    m_AlbedoBoost: 1
    m_EnvironmentLightingMode: 0
    m_EnableBakedLightmaps: 1
    m_EnableRealtimeLightmaps: 1
  m_LightmapEditorSettings:
    serializedVersion: 12
    m_Resolution: 2
    m_BakeResolution: 40
    m_AtlasSize: 1024
    m_AO: 0
    m_AOMaxDistance: 1
    m_CompAOExponent: 1
    m_CompAOExponentDirect: 0
    m_ExtractAmbientOcclusion: 0
    m_Padding: 2
    m_LightmapParameters: {fileID: 15204, guid: 0000000000000000f000000000000000,
      type: 0}
    m_LightmapsBakeMode: 1
    m_TextureCompression: 1
    m_FinalGather: 0
    m_FinalGatherFiltering: 1
    m_FinalGatherRayCount: 256
    m_ReflectionCompression: 2
    m_MixedBakeMode: 2
    m_BakeBackend: 1
    m_PVRSampling: 1
    m_PVRDirectSampleCount: 32
    m_PVRSampleCount: 500
    m_PVRBounces: 2
    m_PVREnvironmentSampleCount: 500
    m_PVREnvironmentReferencePointCount: 2048
    m_PVRFilteringMode: 2
    m_PVRDenoiserTypeDirect: 0
    m_PVRDenoiserTypeIndirect: 0
    m_PVRDenoiserTypeAO: 0
    m_PVRFilterTypeDirect: 0
    m_PVRFilterTypeIndirect: 0
    m_PVRFilterTypeAO: 0
    m_PVREnvironmentMIS: 0
    m_PVRCulling: 1
    m_PVRFilteringGaussRadiusDirect: 1
    m_PVRFilteringGaussRadiusIndirect: 5
    m_PVRFilteringGaussRadiusAO: 2
    m_PVRFilteringAtrousPositionSigmaDirect: 0.5
    m_PVRFilteringAtrousPositionSigmaIndirect: 2
    m_PVRFilteringAtrousPositionSigmaAO: 1
    m_ExportTrainingData: 0
    m_TrainingDataDestination: TrainingData
    m_LightProbeSampleCountMultiplier: 4
  m_LightingDataAsset: {fileID: 0}
  m_UseShadowmask: 1
--- !u!196 &4
NavMeshSettings:
  serializedVersion: 2
  m_ObjectHideFlags: 0
  m_BuildSettings:
    serializedVersion: 2
    agentTypeID: 0
    agentRadius: 0.5
    agentHeight: 2
    agentSlope: 45
    agentClimb: 0.4
    ledgeDropHeight: 0
    maxJumpAcrossDistance: 0
    minRegionArea: 2
    manualCellSize: 0
    cellSize: 0.16666667
    manualTileSize: 0
    tileSize: 256
    accuratePlacement: 0
    debug:
      m_Flags: 0
  m_NavMeshData: {fileID: 0}
--- !u!1001 &8577038
PrefabInstance:
  m_ObjectHideFlags: 0
  serializedVersion: 2
  m_Modification:
    m_TransformParent: {fileID: 1199188452}
    m_Modifications:
    - target: {fileID: 1777424294477136, guid: 79d779433f4014344aafaba426f9cc88, type: 3}
      propertyPath: m_Name
      value: LevelBlock
      objectReference: {fileID: 0}
    - target: {fileID: 4939291082442900, guid: 79d779433f4014344aafaba426f9cc88, type: 3}
      propertyPath: m_LocalPosition.x
      value: -4
      objectReference: {fileID: 0}
    - target: {fileID: 4939291082442900, guid: 79d779433f4014344aafaba426f9cc88, type: 3}
      propertyPath: m_LocalPosition.y
      value: 0
      objectReference: {fileID: 0}
    - target: {fileID: 4939291082442900, guid: 79d779433f4014344aafaba426f9cc88, type: 3}
      propertyPath: m_LocalPosition.z
      value: -1
      objectReference: {fileID: 0}
    - target: {fileID: 4939291082442900, guid: 79d779433f4014344aafaba426f9cc88, type: 3}
      propertyPath: m_LocalRotation.x
      value: -0
      objectReference: {fileID: 0}
    - target: {fileID: 4939291082442900, guid: 79d779433f4014344aafaba426f9cc88, type: 3}
      propertyPath: m_LocalRotation.y
      value: -0
      objectReference: {fileID: 0}
    - target: {fileID: 4939291082442900, guid: 79d779433f4014344aafaba426f9cc88, type: 3}
      propertyPath: m_LocalRotation.z
      value: -0
      objectReference: {fileID: 0}
    - target: {fileID: 4939291082442900, guid: 79d779433f4014344aafaba426f9cc88, type: 3}
      propertyPath: m_LocalRotation.w
      value: 1
      objectReference: {fileID: 0}
    - target: {fileID: 4939291082442900, guid: 79d779433f4014344aafaba426f9cc88, type: 3}
      propertyPath: m_RootOrder
      value: 25
      objectReference: {fileID: 0}
    m_RemovedComponents: []
  m_SourcePrefab: {fileID: 100100000, guid: 79d779433f4014344aafaba426f9cc88, type: 3}
--- !u!4 &8577039 stripped
Transform:
  m_CorrespondingSourceObject: {fileID: 4939291082442900, guid: 79d779433f4014344aafaba426f9cc88,
    type: 3}
  m_PrefabInstance: {fileID: 8577038}
  m_PrefabAsset: {fileID: 0}
--- !u!1001 &33184971
PrefabInstance:
  m_ObjectHideFlags: 0
  serializedVersion: 2
  m_Modification:
    m_TransformParent: {fileID: 0}
    m_Modifications:
    - target: {fileID: 1147752367711628, guid: 2abf19653d633114faedf3b60dc6c39f, type: 3}
      propertyPath: m_Name
      value: Player
      objectReference: {fileID: 0}
    - target: {fileID: 4268597916284530, guid: 2abf19653d633114faedf3b60dc6c39f, type: 3}
      propertyPath: m_LocalPosition.x
      value: 0
      objectReference: {fileID: 0}
    - target: {fileID: 4268597916284530, guid: 2abf19653d633114faedf3b60dc6c39f, type: 3}
      propertyPath: m_LocalPosition.y
      value: 0.55
      objectReference: {fileID: 0}
    - target: {fileID: 4268597916284530, guid: 2abf19653d633114faedf3b60dc6c39f, type: 3}
      propertyPath: m_LocalPosition.z
      value: 4
      objectReference: {fileID: 0}
    - target: {fileID: 4268597916284530, guid: 2abf19653d633114faedf3b60dc6c39f, type: 3}
      propertyPath: m_LocalRotation.x
      value: 0
      objectReference: {fileID: 0}
    - target: {fileID: 4268597916284530, guid: 2abf19653d633114faedf3b60dc6c39f, type: 3}
      propertyPath: m_LocalRotation.y
      value: 0
      objectReference: {fileID: 0}
    - target: {fileID: 4268597916284530, guid: 2abf19653d633114faedf3b60dc6c39f, type: 3}
      propertyPath: m_LocalRotation.z
      value: 0
      objectReference: {fileID: 0}
    - target: {fileID: 4268597916284530, guid: 2abf19653d633114faedf3b60dc6c39f, type: 3}
      propertyPath: m_LocalRotation.w
      value: 1
      objectReference: {fileID: 0}
    - target: {fileID: 4268597916284530, guid: 2abf19653d633114faedf3b60dc6c39f, type: 3}
      propertyPath: m_RootOrder
      value: 1
      objectReference: {fileID: 0}
    - target: {fileID: 4268597916284530, guid: 2abf19653d633114faedf3b60dc6c39f, type: 3}
      propertyPath: m_LocalEulerAnglesHint.x
      value: 0
      objectReference: {fileID: 0}
    - target: {fileID: 4268597916284530, guid: 2abf19653d633114faedf3b60dc6c39f, type: 3}
      propertyPath: m_LocalEulerAnglesHint.y
      value: 0
      objectReference: {fileID: 0}
    - target: {fileID: 4268597916284530, guid: 2abf19653d633114faedf3b60dc6c39f, type: 3}
      propertyPath: m_LocalEulerAnglesHint.z
      value: 0
      objectReference: {fileID: 0}
    m_RemovedComponents: []
  m_SourcePrefab: {fileID: 100100000, guid: 2abf19653d633114faedf3b60dc6c39f, type: 3}
--- !u!1001 &52765262
PrefabInstance:
  m_ObjectHideFlags: 0
  serializedVersion: 2
  m_Modification:
    m_TransformParent: {fileID: 1199188452}
    m_Modifications:
    - target: {fileID: 1777424294477136, guid: 79d779433f4014344aafaba426f9cc88, type: 3}
      propertyPath: m_Name
      value: LevelBlock
      objectReference: {fileID: 0}
    - target: {fileID: 4939291082442900, guid: 79d779433f4014344aafaba426f9cc88, type: 3}
      propertyPath: m_LocalPosition.x
      value: 2
      objectReference: {fileID: 0}
    - target: {fileID: 4939291082442900, guid: 79d779433f4014344aafaba426f9cc88, type: 3}
      propertyPath: m_LocalPosition.y
      value: 0
      objectReference: {fileID: 0}
    - target: {fileID: 4939291082442900, guid: 79d779433f4014344aafaba426f9cc88, type: 3}
      propertyPath: m_LocalPosition.z
      value: -5
      objectReference: {fileID: 0}
    - target: {fileID: 4939291082442900, guid: 79d779433f4014344aafaba426f9cc88, type: 3}
      propertyPath: m_LocalRotation.x
      value: -0
      objectReference: {fileID: 0}
    - target: {fileID: 4939291082442900, guid: 79d779433f4014344aafaba426f9cc88, type: 3}
      propertyPath: m_LocalRotation.y
      value: -0
      objectReference: {fileID: 0}
    - target: {fileID: 4939291082442900, guid: 79d779433f4014344aafaba426f9cc88, type: 3}
      propertyPath: m_LocalRotation.z
      value: -0
      objectReference: {fileID: 0}
    - target: {fileID: 4939291082442900, guid: 79d779433f4014344aafaba426f9cc88, type: 3}
      propertyPath: m_LocalRotation.w
      value: 1
      objectReference: {fileID: 0}
    - target: {fileID: 4939291082442900, guid: 79d779433f4014344aafaba426f9cc88, type: 3}
      propertyPath: m_RootOrder
      value: 11
      objectReference: {fileID: 0}
    m_RemovedComponents: []
  m_SourcePrefab: {fileID: 100100000, guid: 79d779433f4014344aafaba426f9cc88, type: 3}
--- !u!4 &52765263 stripped
Transform:
  m_CorrespondingSourceObject: {fileID: 4939291082442900, guid: 79d779433f4014344aafaba426f9cc88,
    type: 3}
  m_PrefabInstance: {fileID: 52765262}
  m_PrefabAsset: {fileID: 0}
--- !u!1001 &138642775
PrefabInstance:
  m_ObjectHideFlags: 0
  serializedVersion: 2
  m_Modification:
    m_TransformParent: {fileID: 1199188452}
    m_Modifications:
    - target: {fileID: 1874387761681704, guid: d50d1b7196cac9347b8ede2bc2327677, type: 3}
      propertyPath: m_Name
      value: JumpBlock
      objectReference: {fileID: 0}
    - target: {fileID: 4792553538533990, guid: d50d1b7196cac9347b8ede2bc2327677, type: 3}
      propertyPath: m_LocalPosition.x
      value: 2
      objectReference: {fileID: 0}
    - target: {fileID: 4792553538533990, guid: d50d1b7196cac9347b8ede2bc2327677, type: 3}
      propertyPath: m_LocalPosition.y
      value: 0
      objectReference: {fileID: 0}
    - target: {fileID: 4792553538533990, guid: d50d1b7196cac9347b8ede2bc2327677, type: 3}
      propertyPath: m_LocalPosition.z
      value: 2
      objectReference: {fileID: 0}
    - target: {fileID: 4792553538533990, guid: d50d1b7196cac9347b8ede2bc2327677, type: 3}
      propertyPath: m_LocalRotation.x
      value: -0
      objectReference: {fileID: 0}
    - target: {fileID: 4792553538533990, guid: d50d1b7196cac9347b8ede2bc2327677, type: 3}
      propertyPath: m_LocalRotation.y
      value: -0
      objectReference: {fileID: 0}
    - target: {fileID: 4792553538533990, guid: d50d1b7196cac9347b8ede2bc2327677, type: 3}
      propertyPath: m_LocalRotation.z
      value: -0
      objectReference: {fileID: 0}
    - target: {fileID: 4792553538533990, guid: d50d1b7196cac9347b8ede2bc2327677, type: 3}
      propertyPath: m_LocalRotation.w
      value: 1
      objectReference: {fileID: 0}
    - target: {fileID: 4792553538533990, guid: d50d1b7196cac9347b8ede2bc2327677, type: 3}
      propertyPath: m_RootOrder
      value: 5
      objectReference: {fileID: 0}
    m_RemovedComponents: []
  m_SourcePrefab: {fileID: 100100000, guid: d50d1b7196cac9347b8ede2bc2327677, type: 3}
--- !u!4 &138642776 stripped
Transform:
  m_CorrespondingSourceObject: {fileID: 4792553538533990, guid: d50d1b7196cac9347b8ede2bc2327677,
    type: 3}
  m_PrefabInstance: {fileID: 138642775}
  m_PrefabAsset: {fileID: 0}
--- !u!1001 &140746270
PrefabInstance:
  m_ObjectHideFlags: 0
  serializedVersion: 2
  m_Modification:
    m_TransformParent: {fileID: 1199188452}
    m_Modifications:
    - target: {fileID: 1777424294477136, guid: 79d779433f4014344aafaba426f9cc88, type: 3}
      propertyPath: m_Name
      value: LevelBlock
      objectReference: {fileID: 0}
    - target: {fileID: 4939291082442900, guid: 79d779433f4014344aafaba426f9cc88, type: 3}
      propertyPath: m_LocalPosition.x
      value: -4
      objectReference: {fileID: 0}
    - target: {fileID: 4939291082442900, guid: 79d779433f4014344aafaba426f9cc88, type: 3}
      propertyPath: m_LocalPosition.y
      value: 0
      objectReference: {fileID: 0}
    - target: {fileID: 4939291082442900, guid: 79d779433f4014344aafaba426f9cc88, type: 3}
      propertyPath: m_LocalPosition.z
      value: -2
      objectReference: {fileID: 0}
    - target: {fileID: 4939291082442900, guid: 79d779433f4014344aafaba426f9cc88, type: 3}
      propertyPath: m_LocalRotation.x
      value: -0
      objectReference: {fileID: 0}
    - target: {fileID: 4939291082442900, guid: 79d779433f4014344aafaba426f9cc88, type: 3}
      propertyPath: m_LocalRotation.y
      value: -0
      objectReference: {fileID: 0}
    - target: {fileID: 4939291082442900, guid: 79d779433f4014344aafaba426f9cc88, type: 3}
      propertyPath: m_LocalRotation.z
      value: -0
      objectReference: {fileID: 0}
    - target: {fileID: 4939291082442900, guid: 79d779433f4014344aafaba426f9cc88, type: 3}
      propertyPath: m_LocalRotation.w
      value: 1
      objectReference: {fileID: 0}
    - target: {fileID: 4939291082442900, guid: 79d779433f4014344aafaba426f9cc88, type: 3}
      propertyPath: m_RootOrder
      value: 26
      objectReference: {fileID: 0}
    m_RemovedComponents: []
  m_SourcePrefab: {fileID: 100100000, guid: 79d779433f4014344aafaba426f9cc88, type: 3}
--- !u!4 &140746271 stripped
Transform:
  m_CorrespondingSourceObject: {fileID: 4939291082442900, guid: 79d779433f4014344aafaba426f9cc88,
    type: 3}
  m_PrefabInstance: {fileID: 140746270}
  m_PrefabAsset: {fileID: 0}
--- !u!1001 &144361535
PrefabInstance:
  m_ObjectHideFlags: 0
  serializedVersion: 2
  m_Modification:
    m_TransformParent: {fileID: 1199188452}
    m_Modifications:
    - target: {fileID: 1777424294477136, guid: 79d779433f4014344aafaba426f9cc88, type: 3}
      propertyPath: m_Name
      value: LevelBlock
      objectReference: {fileID: 0}
    - target: {fileID: 4939291082442900, guid: 79d779433f4014344aafaba426f9cc88, type: 3}
      propertyPath: m_LocalPosition.x
      value: 1
      objectReference: {fileID: 0}
    - target: {fileID: 4939291082442900, guid: 79d779433f4014344aafaba426f9cc88, type: 3}
      propertyPath: m_LocalPosition.y
      value: 0
      objectReference: {fileID: 0}
    - target: {fileID: 4939291082442900, guid: 79d779433f4014344aafaba426f9cc88, type: 3}
      propertyPath: m_LocalPosition.z
      value: -5
      objectReference: {fileID: 0}
    - target: {fileID: 4939291082442900, guid: 79d779433f4014344aafaba426f9cc88, type: 3}
      propertyPath: m_LocalRotation.x
      value: -0
      objectReference: {fileID: 0}
    - target: {fileID: 4939291082442900, guid: 79d779433f4014344aafaba426f9cc88, type: 3}
      propertyPath: m_LocalRotation.y
      value: -0
      objectReference: {fileID: 0}
    - target: {fileID: 4939291082442900, guid: 79d779433f4014344aafaba426f9cc88, type: 3}
      propertyPath: m_LocalRotation.z
      value: -0
      objectReference: {fileID: 0}
    - target: {fileID: 4939291082442900, guid: 79d779433f4014344aafaba426f9cc88, type: 3}
      propertyPath: m_LocalRotation.w
      value: 1
      objectReference: {fileID: 0}
    - target: {fileID: 4939291082442900, guid: 79d779433f4014344aafaba426f9cc88, type: 3}
      propertyPath: m_RootOrder
      value: 12
      objectReference: {fileID: 0}
    m_RemovedComponents: []
  m_SourcePrefab: {fileID: 100100000, guid: 79d779433f4014344aafaba426f9cc88, type: 3}
--- !u!4 &144361536 stripped
Transform:
  m_CorrespondingSourceObject: {fileID: 4939291082442900, guid: 79d779433f4014344aafaba426f9cc88,
    type: 3}
  m_PrefabInstance: {fileID: 144361535}
  m_PrefabAsset: {fileID: 0}
--- !u!1001 &197358969
PrefabInstance:
  m_ObjectHideFlags: 0
  serializedVersion: 2
  m_Modification:
    m_TransformParent: {fileID: 1199188452}
    m_Modifications:
    - target: {fileID: 1777424294477136, guid: 79d779433f4014344aafaba426f9cc88, type: 3}
      propertyPath: m_Name
      value: LevelBlock
      objectReference: {fileID: 0}
    - target: {fileID: 4939291082442900, guid: 79d779433f4014344aafaba426f9cc88, type: 3}
      propertyPath: m_LocalPosition.x
      value: 0
      objectReference: {fileID: 0}
    - target: {fileID: 4939291082442900, guid: 79d779433f4014344aafaba426f9cc88, type: 3}
      propertyPath: m_LocalPosition.y
      value: 0
      objectReference: {fileID: 0}
    - target: {fileID: 4939291082442900, guid: 79d779433f4014344aafaba426f9cc88, type: 3}
      propertyPath: m_LocalPosition.z
      value: 0
      objectReference: {fileID: 0}
    - target: {fileID: 4939291082442900, guid: 79d779433f4014344aafaba426f9cc88, type: 3}
      propertyPath: m_LocalRotation.x
      value: -0
      objectReference: {fileID: 0}
    - target: {fileID: 4939291082442900, guid: 79d779433f4014344aafaba426f9cc88, type: 3}
      propertyPath: m_LocalRotation.y
      value: -0
      objectReference: {fileID: 0}
    - target: {fileID: 4939291082442900, guid: 79d779433f4014344aafaba426f9cc88, type: 3}
      propertyPath: m_LocalRotation.z
      value: -0
      objectReference: {fileID: 0}
    - target: {fileID: 4939291082442900, guid: 79d779433f4014344aafaba426f9cc88, type: 3}
      propertyPath: m_LocalRotation.w
      value: 1
      objectReference: {fileID: 0}
    - target: {fileID: 4939291082442900, guid: 79d779433f4014344aafaba426f9cc88, type: 3}
      propertyPath: m_RootOrder
      value: 20
      objectReference: {fileID: 0}
    m_RemovedComponents: []
  m_SourcePrefab: {fileID: 100100000, guid: 79d779433f4014344aafaba426f9cc88, type: 3}
--- !u!4 &197358970 stripped
Transform:
  m_CorrespondingSourceObject: {fileID: 4939291082442900, guid: 79d779433f4014344aafaba426f9cc88,
    type: 3}
  m_PrefabInstance: {fileID: 197358969}
  m_PrefabAsset: {fileID: 0}
--- !u!1001 &294346394
PrefabInstance:
  m_ObjectHideFlags: 0
  serializedVersion: 2
  m_Modification:
    m_TransformParent: {fileID: 1199188452}
    m_Modifications:
    - target: {fileID: 1777424294477136, guid: 79d779433f4014344aafaba426f9cc88, type: 3}
      propertyPath: m_Name
      value: LevelBlock
      objectReference: {fileID: 0}
    - target: {fileID: 4939291082442900, guid: 79d779433f4014344aafaba426f9cc88, type: 3}
      propertyPath: m_LocalPosition.x
      value: -4
      objectReference: {fileID: 0}
    - target: {fileID: 4939291082442900, guid: 79d779433f4014344aafaba426f9cc88, type: 3}
      propertyPath: m_LocalPosition.y
      value: 0
      objectReference: {fileID: 0}
    - target: {fileID: 4939291082442900, guid: 79d779433f4014344aafaba426f9cc88, type: 3}
      propertyPath: m_LocalPosition.z
      value: -4
      objectReference: {fileID: 0}
    - target: {fileID: 4939291082442900, guid: 79d779433f4014344aafaba426f9cc88, type: 3}
      propertyPath: m_LocalRotation.x
      value: -0
      objectReference: {fileID: 0}
    - target: {fileID: 4939291082442900, guid: 79d779433f4014344aafaba426f9cc88, type: 3}
      propertyPath: m_LocalRotation.y
      value: -0
      objectReference: {fileID: 0}
    - target: {fileID: 4939291082442900, guid: 79d779433f4014344aafaba426f9cc88, type: 3}
      propertyPath: m_LocalRotation.z
      value: -0
      objectReference: {fileID: 0}
    - target: {fileID: 4939291082442900, guid: 79d779433f4014344aafaba426f9cc88, type: 3}
      propertyPath: m_LocalRotation.w
      value: 1
      objectReference: {fileID: 0}
    - target: {fileID: 4939291082442900, guid: 79d779433f4014344aafaba426f9cc88, type: 3}
      propertyPath: m_RootOrder
      value: 28
      objectReference: {fileID: 0}
    m_RemovedComponents: []
  m_SourcePrefab: {fileID: 100100000, guid: 79d779433f4014344aafaba426f9cc88, type: 3}
--- !u!4 &294346395 stripped
Transform:
  m_CorrespondingSourceObject: {fileID: 4939291082442900, guid: 79d779433f4014344aafaba426f9cc88,
    type: 3}
  m_PrefabInstance: {fileID: 294346394}
  m_PrefabAsset: {fileID: 0}
--- !u!1001 &428090331
PrefabInstance:
  m_ObjectHideFlags: 0
  serializedVersion: 2
  m_Modification:
    m_TransformParent: {fileID: 1199188452}
    m_Modifications:
    - target: {fileID: 1777424294477136, guid: 79d779433f4014344aafaba426f9cc88, type: 3}
      propertyPath: m_Name
      value: LevelBlock
      objectReference: {fileID: 0}
    - target: {fileID: 4939291082442900, guid: 79d779433f4014344aafaba426f9cc88, type: 3}
      propertyPath: m_LocalPosition.x
      value: -4
      objectReference: {fileID: 0}
    - target: {fileID: 4939291082442900, guid: 79d779433f4014344aafaba426f9cc88, type: 3}
      propertyPath: m_LocalPosition.y
      value: 0
      objectReference: {fileID: 0}
    - target: {fileID: 4939291082442900, guid: 79d779433f4014344aafaba426f9cc88, type: 3}
      propertyPath: m_LocalPosition.z
      value: -3
      objectReference: {fileID: 0}
    - target: {fileID: 4939291082442900, guid: 79d779433f4014344aafaba426f9cc88, type: 3}
      propertyPath: m_LocalRotation.x
      value: -0
      objectReference: {fileID: 0}
    - target: {fileID: 4939291082442900, guid: 79d779433f4014344aafaba426f9cc88, type: 3}
      propertyPath: m_LocalRotation.y
      value: -0
      objectReference: {fileID: 0}
    - target: {fileID: 4939291082442900, guid: 79d779433f4014344aafaba426f9cc88, type: 3}
      propertyPath: m_LocalRotation.z
      value: -0
      objectReference: {fileID: 0}
    - target: {fileID: 4939291082442900, guid: 79d779433f4014344aafaba426f9cc88, type: 3}
      propertyPath: m_LocalRotation.w
      value: 1
      objectReference: {fileID: 0}
    - target: {fileID: 4939291082442900, guid: 79d779433f4014344aafaba426f9cc88, type: 3}
      propertyPath: m_RootOrder
      value: 27
      objectReference: {fileID: 0}
    m_RemovedComponents: []
  m_SourcePrefab: {fileID: 100100000, guid: 79d779433f4014344aafaba426f9cc88, type: 3}
--- !u!4 &428090332 stripped
Transform:
  m_CorrespondingSourceObject: {fileID: 4939291082442900, guid: 79d779433f4014344aafaba426f9cc88,
    type: 3}
  m_PrefabInstance: {fileID: 428090331}
  m_PrefabAsset: {fileID: 0}
--- !u!1001 &462330236
PrefabInstance:
  m_ObjectHideFlags: 0
  serializedVersion: 2
  m_Modification:
    m_TransformParent: {fileID: 1199188452}
    m_Modifications:
    - target: {fileID: 1777424294477136, guid: 79d779433f4014344aafaba426f9cc88, type: 3}
      propertyPath: m_Name
      value: LevelBlock
      objectReference: {fileID: 0}
    - target: {fileID: 4939291082442900, guid: 79d779433f4014344aafaba426f9cc88, type: 3}
      propertyPath: m_LocalPosition.x
      value: 0
      objectReference: {fileID: 0}
    - target: {fileID: 4939291082442900, guid: 79d779433f4014344aafaba426f9cc88, type: 3}
      propertyPath: m_LocalPosition.y
      value: 0
      objectReference: {fileID: 0}
    - target: {fileID: 4939291082442900, guid: 79d779433f4014344aafaba426f9cc88, type: 3}
      propertyPath: m_LocalPosition.z
      value: -5
      objectReference: {fileID: 0}
    - target: {fileID: 4939291082442900, guid: 79d779433f4014344aafaba426f9cc88, type: 3}
      propertyPath: m_LocalRotation.x
      value: -0
      objectReference: {fileID: 0}
    - target: {fileID: 4939291082442900, guid: 79d779433f4014344aafaba426f9cc88, type: 3}
      propertyPath: m_LocalRotation.y
      value: -0
      objectReference: {fileID: 0}
    - target: {fileID: 4939291082442900, guid: 79d779433f4014344aafaba426f9cc88, type: 3}
      propertyPath: m_LocalRotation.z
      value: -0
      objectReference: {fileID: 0}
    - target: {fileID: 4939291082442900, guid: 79d779433f4014344aafaba426f9cc88, type: 3}
      propertyPath: m_LocalRotation.w
      value: 1
      objectReference: {fileID: 0}
    - target: {fileID: 4939291082442900, guid: 79d779433f4014344aafaba426f9cc88, type: 3}
      propertyPath: m_RootOrder
      value: 13
      objectReference: {fileID: 0}
    m_RemovedComponents: []
  m_SourcePrefab: {fileID: 100100000, guid: 79d779433f4014344aafaba426f9cc88, type: 3}
--- !u!4 &462330237 stripped
Transform:
  m_CorrespondingSourceObject: {fileID: 4939291082442900, guid: 79d779433f4014344aafaba426f9cc88,
    type: 3}
  m_PrefabInstance: {fileID: 462330236}
  m_PrefabAsset: {fileID: 0}
--- !u!1001 &470233088
PrefabInstance:
  m_ObjectHideFlags: 0
  serializedVersion: 2
  m_Modification:
    m_TransformParent: {fileID: 1199188452}
    m_Modifications:
    - target: {fileID: 1777424294477136, guid: 79d779433f4014344aafaba426f9cc88, type: 3}
      propertyPath: m_Name
      value: LevelBlock
      objectReference: {fileID: 0}
    - target: {fileID: 4939291082442900, guid: 79d779433f4014344aafaba426f9cc88, type: 3}
      propertyPath: m_LocalPosition.x
      value: 2
      objectReference: {fileID: 0}
    - target: {fileID: 4939291082442900, guid: 79d779433f4014344aafaba426f9cc88, type: 3}
      propertyPath: m_LocalPosition.y
      value: 0
      objectReference: {fileID: 0}
    - target: {fileID: 4939291082442900, guid: 79d779433f4014344aafaba426f9cc88, type: 3}
      propertyPath: m_LocalPosition.z
      value: -2
      objectReference: {fileID: 0}
    - target: {fileID: 4939291082442900, guid: 79d779433f4014344aafaba426f9cc88, type: 3}
      propertyPath: m_LocalRotation.x
      value: -0
      objectReference: {fileID: 0}
    - target: {fileID: 4939291082442900, guid: 79d779433f4014344aafaba426f9cc88, type: 3}
      propertyPath: m_LocalRotation.y
      value: -0
      objectReference: {fileID: 0}
    - target: {fileID: 4939291082442900, guid: 79d779433f4014344aafaba426f9cc88, type: 3}
      propertyPath: m_LocalRotation.z
      value: -0
      objectReference: {fileID: 0}
    - target: {fileID: 4939291082442900, guid: 79d779433f4014344aafaba426f9cc88, type: 3}
      propertyPath: m_LocalRotation.w
      value: 1
      objectReference: {fileID: 0}
    - target: {fileID: 4939291082442900, guid: 79d779433f4014344aafaba426f9cc88, type: 3}
      propertyPath: m_RootOrder
      value: 8
      objectReference: {fileID: 0}
    m_RemovedComponents: []
  m_SourcePrefab: {fileID: 100100000, guid: 79d779433f4014344aafaba426f9cc88, type: 3}
--- !u!4 &470233089 stripped
Transform:
  m_CorrespondingSourceObject: {fileID: 4939291082442900, guid: 79d779433f4014344aafaba426f9cc88,
    type: 3}
  m_PrefabInstance: {fileID: 470233088}
  m_PrefabAsset: {fileID: 0}
--- !u!1001 &512812842
PrefabInstance:
  m_ObjectHideFlags: 0
  serializedVersion: 2
  m_Modification:
    m_TransformParent: {fileID: 1199188452}
    m_Modifications:
    - target: {fileID: 1777424294477136, guid: 79d779433f4014344aafaba426f9cc88, type: 3}
      propertyPath: m_Name
      value: LevelBlock
      objectReference: {fileID: 0}
    - target: {fileID: 4939291082442900, guid: 79d779433f4014344aafaba426f9cc88, type: 3}
      propertyPath: m_LocalPosition.x
      value: -3
      objectReference: {fileID: 0}
    - target: {fileID: 4939291082442900, guid: 79d779433f4014344aafaba426f9cc88, type: 3}
      propertyPath: m_LocalPosition.y
      value: 0
      objectReference: {fileID: 0}
    - target: {fileID: 4939291082442900, guid: 79d779433f4014344aafaba426f9cc88, type: 3}
      propertyPath: m_LocalPosition.z
      value: -6
      objectReference: {fileID: 0}
    - target: {fileID: 4939291082442900, guid: 79d779433f4014344aafaba426f9cc88, type: 3}
      propertyPath: m_LocalRotation.x
      value: -0
      objectReference: {fileID: 0}
    - target: {fileID: 4939291082442900, guid: 79d779433f4014344aafaba426f9cc88, type: 3}
      propertyPath: m_LocalRotation.y
      value: -0
      objectReference: {fileID: 0}
    - target: {fileID: 4939291082442900, guid: 79d779433f4014344aafaba426f9cc88, type: 3}
      propertyPath: m_LocalRotation.z
      value: -0
      objectReference: {fileID: 0}
    - target: {fileID: 4939291082442900, guid: 79d779433f4014344aafaba426f9cc88, type: 3}
      propertyPath: m_LocalRotation.w
      value: 1
      objectReference: {fileID: 0}
    - target: {fileID: 4939291082442900, guid: 79d779433f4014344aafaba426f9cc88, type: 3}
      propertyPath: m_RootOrder
      value: 34
      objectReference: {fileID: 0}
    m_RemovedComponents: []
  m_SourcePrefab: {fileID: 100100000, guid: 79d779433f4014344aafaba426f9cc88, type: 3}
--- !u!4 &512812843 stripped
Transform:
  m_CorrespondingSourceObject: {fileID: 4939291082442900, guid: 79d779433f4014344aafaba426f9cc88,
    type: 3}
  m_PrefabInstance: {fileID: 512812842}
  m_PrefabAsset: {fileID: 0}
--- !u!1001 &553063193
PrefabInstance:
  m_ObjectHideFlags: 0
  serializedVersion: 2
  m_Modification:
    m_TransformParent: {fileID: 1199188452}
    m_Modifications:
    - target: {fileID: 1777424294477136, guid: 79d779433f4014344aafaba426f9cc88, type: 3}
      propertyPath: m_Name
      value: LevelBlock
      objectReference: {fileID: 0}
    - target: {fileID: 4939291082442900, guid: 79d779433f4014344aafaba426f9cc88, type: 3}
      propertyPath: m_LocalPosition.x
      value: -1
      objectReference: {fileID: 0}
    - target: {fileID: 4939291082442900, guid: 79d779433f4014344aafaba426f9cc88, type: 3}
      propertyPath: m_LocalPosition.y
      value: 0
      objectReference: {fileID: 0}
    - target: {fileID: 4939291082442900, guid: 79d779433f4014344aafaba426f9cc88, type: 3}
      propertyPath: m_LocalPosition.z
      value: 1
      objectReference: {fileID: 0}
    - target: {fileID: 4939291082442900, guid: 79d779433f4014344aafaba426f9cc88, type: 3}
      propertyPath: m_LocalRotation.x
      value: -0
      objectReference: {fileID: 0}
    - target: {fileID: 4939291082442900, guid: 79d779433f4014344aafaba426f9cc88, type: 3}
      propertyPath: m_LocalRotation.y
      value: -0
      objectReference: {fileID: 0}
    - target: {fileID: 4939291082442900, guid: 79d779433f4014344aafaba426f9cc88, type: 3}
      propertyPath: m_LocalRotation.z
      value: -0
      objectReference: {fileID: 0}
    - target: {fileID: 4939291082442900, guid: 79d779433f4014344aafaba426f9cc88, type: 3}
      propertyPath: m_LocalRotation.w
      value: 1
      objectReference: {fileID: 0}
    - target: {fileID: 4939291082442900, guid: 79d779433f4014344aafaba426f9cc88, type: 3}
      propertyPath: m_RootOrder
      value: 18
      objectReference: {fileID: 0}
    m_RemovedComponents: []
  m_SourcePrefab: {fileID: 100100000, guid: 79d779433f4014344aafaba426f9cc88, type: 3}
--- !u!4 &553063194 stripped
Transform:
  m_CorrespondingSourceObject: {fileID: 4939291082442900, guid: 79d779433f4014344aafaba426f9cc88,
    type: 3}
  m_PrefabInstance: {fileID: 553063193}
  m_PrefabAsset: {fileID: 0}
--- !u!1001 &562746734
PrefabInstance:
  m_ObjectHideFlags: 0
  serializedVersion: 2
  m_Modification:
    m_TransformParent: {fileID: 1199188452}
    m_Modifications:
    - target: {fileID: 1777424294477136, guid: 79d779433f4014344aafaba426f9cc88, type: 3}
      propertyPath: m_Name
      value: LevelBlock
      objectReference: {fileID: 0}
    - target: {fileID: 4939291082442900, guid: 79d779433f4014344aafaba426f9cc88, type: 3}
      propertyPath: m_LocalPosition.x
      value: -2
      objectReference: {fileID: 0}
    - target: {fileID: 4939291082442900, guid: 79d779433f4014344aafaba426f9cc88, type: 3}
      propertyPath: m_LocalPosition.y
      value: 0
      objectReference: {fileID: 0}
    - target: {fileID: 4939291082442900, guid: 79d779433f4014344aafaba426f9cc88, type: 3}
      propertyPath: m_LocalPosition.z
      value: -5
      objectReference: {fileID: 0}
    - target: {fileID: 4939291082442900, guid: 79d779433f4014344aafaba426f9cc88, type: 3}
      propertyPath: m_LocalRotation.x
      value: -0
      objectReference: {fileID: 0}
    - target: {fileID: 4939291082442900, guid: 79d779433f4014344aafaba426f9cc88, type: 3}
      propertyPath: m_LocalRotation.y
      value: -0
      objectReference: {fileID: 0}
    - target: {fileID: 4939291082442900, guid: 79d779433f4014344aafaba426f9cc88, type: 3}
      propertyPath: m_LocalRotation.z
      value: -0
      objectReference: {fileID: 0}
    - target: {fileID: 4939291082442900, guid: 79d779433f4014344aafaba426f9cc88, type: 3}
      propertyPath: m_LocalRotation.w
      value: 1
      objectReference: {fileID: 0}
    - target: {fileID: 4939291082442900, guid: 79d779433f4014344aafaba426f9cc88, type: 3}
      propertyPath: m_RootOrder
      value: 32
      objectReference: {fileID: 0}
    m_RemovedComponents: []
  m_SourcePrefab: {fileID: 100100000, guid: 79d779433f4014344aafaba426f9cc88, type: 3}
--- !u!4 &562746735 stripped
Transform:
  m_CorrespondingSourceObject: {fileID: 4939291082442900, guid: 79d779433f4014344aafaba426f9cc88,
    type: 3}
  m_PrefabInstance: {fileID: 562746734}
  m_PrefabAsset: {fileID: 0}
--- !u!1001 &620610474
PrefabInstance:
  m_ObjectHideFlags: 0
  serializedVersion: 2
  m_Modification:
    m_TransformParent: {fileID: 1199188452}
    m_Modifications:
    - target: {fileID: 1777424294477136, guid: 79d779433f4014344aafaba426f9cc88, type: 3}
      propertyPath: m_Name
      value: LevelBlock
      objectReference: {fileID: 0}
    - target: {fileID: 4939291082442900, guid: 79d779433f4014344aafaba426f9cc88, type: 3}
      propertyPath: m_LocalPosition.x
      value: -2
      objectReference: {fileID: 0}
    - target: {fileID: 4939291082442900, guid: 79d779433f4014344aafaba426f9cc88, type: 3}
      propertyPath: m_LocalPosition.y
      value: 0
      objectReference: {fileID: 0}
    - target: {fileID: 4939291082442900, guid: 79d779433f4014344aafaba426f9cc88, type: 3}
      propertyPath: m_LocalPosition.z
      value: -6
      objectReference: {fileID: 0}
    - target: {fileID: 4939291082442900, guid: 79d779433f4014344aafaba426f9cc88, type: 3}
      propertyPath: m_LocalRotation.x
      value: -0
      objectReference: {fileID: 0}
    - target: {fileID: 4939291082442900, guid: 79d779433f4014344aafaba426f9cc88, type: 3}
      propertyPath: m_LocalRotation.y
      value: -0
      objectReference: {fileID: 0}
    - target: {fileID: 4939291082442900, guid: 79d779433f4014344aafaba426f9cc88, type: 3}
      propertyPath: m_LocalRotation.z
      value: -0
      objectReference: {fileID: 0}
    - target: {fileID: 4939291082442900, guid: 79d779433f4014344aafaba426f9cc88, type: 3}
      propertyPath: m_LocalRotation.w
      value: 1
      objectReference: {fileID: 0}
    - target: {fileID: 4939291082442900, guid: 79d779433f4014344aafaba426f9cc88, type: 3}
      propertyPath: m_RootOrder
      value: 33
      objectReference: {fileID: 0}
    m_RemovedComponents: []
  m_SourcePrefab: {fileID: 100100000, guid: 79d779433f4014344aafaba426f9cc88, type: 3}
--- !u!4 &620610475 stripped
Transform:
  m_CorrespondingSourceObject: {fileID: 4939291082442900, guid: 79d779433f4014344aafaba426f9cc88,
    type: 3}
  m_PrefabInstance: {fileID: 620610474}
  m_PrefabAsset: {fileID: 0}
--- !u!1001 &754429997
PrefabInstance:
  m_ObjectHideFlags: 0
  serializedVersion: 2
  m_Modification:
    m_TransformParent: {fileID: 1199188452}
    m_Modifications:
    - target: {fileID: 1777424294477136, guid: 79d779433f4014344aafaba426f9cc88, type: 3}
      propertyPath: m_Name
      value: LevelBlock
      objectReference: {fileID: 0}
    - target: {fileID: 4939291082442900, guid: 79d779433f4014344aafaba426f9cc88, type: 3}
      propertyPath: m_LocalPosition.x
      value: -2
      objectReference: {fileID: 0}
    - target: {fileID: 4939291082442900, guid: 79d779433f4014344aafaba426f9cc88, type: 3}
      propertyPath: m_LocalPosition.y
      value: 0
      objectReference: {fileID: 0}
    - target: {fileID: 4939291082442900, guid: 79d779433f4014344aafaba426f9cc88, type: 3}
      propertyPath: m_LocalPosition.z
      value: -3
      objectReference: {fileID: 0}
    - target: {fileID: 4939291082442900, guid: 79d779433f4014344aafaba426f9cc88, type: 3}
      propertyPath: m_LocalRotation.x
      value: -0
      objectReference: {fileID: 0}
    - target: {fileID: 4939291082442900, guid: 79d779433f4014344aafaba426f9cc88, type: 3}
      propertyPath: m_LocalRotation.y
      value: -0
      objectReference: {fileID: 0}
    - target: {fileID: 4939291082442900, guid: 79d779433f4014344aafaba426f9cc88, type: 3}
      propertyPath: m_LocalRotation.z
      value: -0
      objectReference: {fileID: 0}
    - target: {fileID: 4939291082442900, guid: 79d779433f4014344aafaba426f9cc88, type: 3}
      propertyPath: m_LocalRotation.w
      value: 1
      objectReference: {fileID: 0}
    - target: {fileID: 4939291082442900, guid: 79d779433f4014344aafaba426f9cc88, type: 3}
      propertyPath: m_RootOrder
      value: 30
      objectReference: {fileID: 0}
    m_RemovedComponents: []
  m_SourcePrefab: {fileID: 100100000, guid: 79d779433f4014344aafaba426f9cc88, type: 3}
--- !u!4 &754429998 stripped
Transform:
  m_CorrespondingSourceObject: {fileID: 4939291082442900, guid: 79d779433f4014344aafaba426f9cc88,
    type: 3}
  m_PrefabInstance: {fileID: 754429997}
  m_PrefabAsset: {fileID: 0}
--- !u!1001 &757660415
PrefabInstance:
  m_ObjectHideFlags: 0
  serializedVersion: 2
  m_Modification:
    m_TransformParent: {fileID: 1199188452}
    m_Modifications:
    - target: {fileID: 1777424294477136, guid: 79d779433f4014344aafaba426f9cc88, type: 3}
      propertyPath: m_Name
      value: LevelBlock
      objectReference: {fileID: 0}
    - target: {fileID: 4939291082442900, guid: 79d779433f4014344aafaba426f9cc88, type: 3}
      propertyPath: m_LocalPosition.x
      value: 2
      objectReference: {fileID: 0}
    - target: {fileID: 4939291082442900, guid: 79d779433f4014344aafaba426f9cc88, type: 3}
      propertyPath: m_LocalPosition.y
      value: 0
      objectReference: {fileID: 0}
    - target: {fileID: 4939291082442900, guid: 79d779433f4014344aafaba426f9cc88, type: 3}
      propertyPath: m_LocalPosition.z
      value: -4
      objectReference: {fileID: 0}
    - target: {fileID: 4939291082442900, guid: 79d779433f4014344aafaba426f9cc88, type: 3}
      propertyPath: m_LocalRotation.x
      value: -0
      objectReference: {fileID: 0}
    - target: {fileID: 4939291082442900, guid: 79d779433f4014344aafaba426f9cc88, type: 3}
      propertyPath: m_LocalRotation.y
      value: -0
      objectReference: {fileID: 0}
    - target: {fileID: 4939291082442900, guid: 79d779433f4014344aafaba426f9cc88, type: 3}
      propertyPath: m_LocalRotation.z
      value: -0
      objectReference: {fileID: 0}
    - target: {fileID: 4939291082442900, guid: 79d779433f4014344aafaba426f9cc88, type: 3}
      propertyPath: m_LocalRotation.w
      value: 1
      objectReference: {fileID: 0}
    - target: {fileID: 4939291082442900, guid: 79d779433f4014344aafaba426f9cc88, type: 3}
      propertyPath: m_RootOrder
      value: 10
      objectReference: {fileID: 0}
    m_RemovedComponents: []
  m_SourcePrefab: {fileID: 100100000, guid: 79d779433f4014344aafaba426f9cc88, type: 3}
--- !u!4 &757660416 stripped
Transform:
  m_CorrespondingSourceObject: {fileID: 4939291082442900, guid: 79d779433f4014344aafaba426f9cc88,
    type: 3}
  m_PrefabInstance: {fileID: 757660415}
  m_PrefabAsset: {fileID: 0}
--- !u!1001 &769729391
PrefabInstance:
  m_ObjectHideFlags: 0
  serializedVersion: 2
  m_Modification:
    m_TransformParent: {fileID: 1199188452}
    m_Modifications:
    - target: {fileID: 4939291082442900, guid: 79d779433f4014344aafaba426f9cc88, type: 3}
      propertyPath: m_LocalPosition.x
      value: 1
      objectReference: {fileID: 0}
    - target: {fileID: 4939291082442900, guid: 79d779433f4014344aafaba426f9cc88, type: 3}
      propertyPath: m_LocalPosition.y
      value: 0
      objectReference: {fileID: 0}
    - target: {fileID: 4939291082442900, guid: 79d779433f4014344aafaba426f9cc88, type: 3}
      propertyPath: m_LocalPosition.z
      value: 2
      objectReference: {fileID: 0}
    - target: {fileID: 4939291082442900, guid: 79d779433f4014344aafaba426f9cc88, type: 3}
      propertyPath: m_LocalRotation.x
      value: -0
      objectReference: {fileID: 0}
    - target: {fileID: 4939291082442900, guid: 79d779433f4014344aafaba426f9cc88, type: 3}
      propertyPath: m_LocalRotation.y
      value: -0
      objectReference: {fileID: 0}
    - target: {fileID: 4939291082442900, guid: 79d779433f4014344aafaba426f9cc88, type: 3}
      propertyPath: m_LocalRotation.z
      value: -0
      objectReference: {fileID: 0}
    - target: {fileID: 4939291082442900, guid: 79d779433f4014344aafaba426f9cc88, type: 3}
      propertyPath: m_LocalRotation.w
      value: 1
      objectReference: {fileID: 0}
    - target: {fileID: 4939291082442900, guid: 79d779433f4014344aafaba426f9cc88, type: 3}
      propertyPath: m_RootOrder
      value: 4
      objectReference: {fileID: 0}
    m_RemovedComponents: []
  m_SourcePrefab: {fileID: 100100000, guid: 79d779433f4014344aafaba426f9cc88, type: 3}
--- !u!4 &769729392 stripped
Transform:
  m_CorrespondingSourceObject: {fileID: 4939291082442900, guid: 79d779433f4014344aafaba426f9cc88,
    type: 3}
  m_PrefabInstance: {fileID: 769729391}
  m_PrefabAsset: {fileID: 0}
--- !u!1001 &893888536
PrefabInstance:
  m_ObjectHideFlags: 0
  serializedVersion: 2
  m_Modification:
    m_TransformParent: {fileID: 1199188452}
    m_Modifications:
    - target: {fileID: 1777424294477136, guid: 79d779433f4014344aafaba426f9cc88, type: 3}
      propertyPath: m_Name
      value: LevelBlock
      objectReference: {fileID: 0}
    - target: {fileID: 4939291082442900, guid: 79d779433f4014344aafaba426f9cc88, type: 3}
      propertyPath: m_LocalPosition.x
      value: -2
      objectReference: {fileID: 0}
    - target: {fileID: 4939291082442900, guid: 79d779433f4014344aafaba426f9cc88, type: 3}
      propertyPath: m_LocalPosition.y
      value: 0
      objectReference: {fileID: 0}
    - target: {fileID: 4939291082442900, guid: 79d779433f4014344aafaba426f9cc88, type: 3}
      propertyPath: m_LocalPosition.z
      value: -4
      objectReference: {fileID: 0}
    - target: {fileID: 4939291082442900, guid: 79d779433f4014344aafaba426f9cc88, type: 3}
      propertyPath: m_LocalRotation.x
      value: -0
      objectReference: {fileID: 0}
    - target: {fileID: 4939291082442900, guid: 79d779433f4014344aafaba426f9cc88, type: 3}
      propertyPath: m_LocalRotation.y
      value: -0
      objectReference: {fileID: 0}
    - target: {fileID: 4939291082442900, guid: 79d779433f4014344aafaba426f9cc88, type: 3}
      propertyPath: m_LocalRotation.z
      value: -0
      objectReference: {fileID: 0}
    - target: {fileID: 4939291082442900, guid: 79d779433f4014344aafaba426f9cc88, type: 3}
      propertyPath: m_LocalRotation.w
      value: 1
      objectReference: {fileID: 0}
    - target: {fileID: 4939291082442900, guid: 79d779433f4014344aafaba426f9cc88, type: 3}
      propertyPath: m_RootOrder
      value: 31
      objectReference: {fileID: 0}
    m_RemovedComponents: []
  m_SourcePrefab: {fileID: 100100000, guid: 79d779433f4014344aafaba426f9cc88, type: 3}
--- !u!4 &893888537 stripped
Transform:
  m_CorrespondingSourceObject: {fileID: 4939291082442900, guid: 79d779433f4014344aafaba426f9cc88,
    type: 3}
  m_PrefabInstance: {fileID: 893888536}
  m_PrefabAsset: {fileID: 0}
--- !u!1001 &907695772
PrefabInstance:
  m_ObjectHideFlags: 0
  serializedVersion: 2
  m_Modification:
    m_TransformParent: {fileID: 1199188452}
    m_Modifications:
    - target: {fileID: 1777424294477136, guid: 79d779433f4014344aafaba426f9cc88, type: 3}
      propertyPath: m_Name
      value: LevelBlock
      objectReference: {fileID: 0}
    - target: {fileID: 4939291082442900, guid: 79d779433f4014344aafaba426f9cc88, type: 3}
      propertyPath: m_LocalPosition.x
      value: 2
      objectReference: {fileID: 0}
    - target: {fileID: 4939291082442900, guid: 79d779433f4014344aafaba426f9cc88, type: 3}
      propertyPath: m_LocalPosition.y
      value: 0
      objectReference: {fileID: 0}
    - target: {fileID: 4939291082442900, guid: 79d779433f4014344aafaba426f9cc88, type: 3}
      propertyPath: m_LocalPosition.z
      value: -1
      objectReference: {fileID: 0}
    - target: {fileID: 4939291082442900, guid: 79d779433f4014344aafaba426f9cc88, type: 3}
      propertyPath: m_LocalRotation.x
      value: -0
      objectReference: {fileID: 0}
    - target: {fileID: 4939291082442900, guid: 79d779433f4014344aafaba426f9cc88, type: 3}
      propertyPath: m_LocalRotation.y
      value: -0
      objectReference: {fileID: 0}
    - target: {fileID: 4939291082442900, guid: 79d779433f4014344aafaba426f9cc88, type: 3}
      propertyPath: m_LocalRotation.z
      value: -0
      objectReference: {fileID: 0}
    - target: {fileID: 4939291082442900, guid: 79d779433f4014344aafaba426f9cc88, type: 3}
      propertyPath: m_LocalRotation.w
      value: 1
      objectReference: {fileID: 0}
    - target: {fileID: 4939291082442900, guid: 79d779433f4014344aafaba426f9cc88, type: 3}
      propertyPath: m_RootOrder
      value: 7
      objectReference: {fileID: 0}
    m_RemovedComponents: []
  m_SourcePrefab: {fileID: 100100000, guid: 79d779433f4014344aafaba426f9cc88, type: 3}
--- !u!4 &907695773 stripped
Transform:
  m_CorrespondingSourceObject: {fileID: 4939291082442900, guid: 79d779433f4014344aafaba426f9cc88,
    type: 3}
  m_PrefabInstance: {fileID: 907695772}
  m_PrefabAsset: {fileID: 0}
--- !u!1001 &919596258
PrefabInstance:
  m_ObjectHideFlags: 0
  serializedVersion: 2
  m_Modification:
    m_TransformParent: {fileID: 0}
    m_Modifications:
    - target: {fileID: 4009622033390832, guid: 99334f0ccf1fe4045b0f8effd19d04ab, type: 3}
      propertyPath: m_LocalPosition.z
      value: -5
      objectReference: {fileID: 0}
    - target: {fileID: 4009622033390832, guid: 99334f0ccf1fe4045b0f8effd19d04ab, type: 3}
      propertyPath: m_LocalPosition.x
      value: -4
      objectReference: {fileID: 0}
    - target: {fileID: 4009622033390832, guid: 99334f0ccf1fe4045b0f8effd19d04ab, type: 3}
      propertyPath: m_LocalPosition.y
      value: 1.2
      objectReference: {fileID: 0}
    - target: {fileID: 4283190232758626, guid: 99334f0ccf1fe4045b0f8effd19d04ab, type: 3}
      propertyPath: m_LocalPosition.x
      value: -4
      objectReference: {fileID: 0}
    - target: {fileID: 4283190232758626, guid: 99334f0ccf1fe4045b0f8effd19d04ab, type: 3}
      propertyPath: m_LocalPosition.y
      value: 1
      objectReference: {fileID: 0}
    - target: {fileID: 4283190232758626, guid: 99334f0ccf1fe4045b0f8effd19d04ab, type: 3}
      propertyPath: m_LocalPosition.z
      value: -5
      objectReference: {fileID: 0}
    - target: {fileID: 4283190232758626, guid: 99334f0ccf1fe4045b0f8effd19d04ab, type: 3}
      propertyPath: m_LocalRotation.x
      value: 0.5
      objectReference: {fileID: 0}
    - target: {fileID: 4283190232758626, guid: 99334f0ccf1fe4045b0f8effd19d04ab, type: 3}
      propertyPath: m_LocalRotation.y
      value: 0.5
      objectReference: {fileID: 0}
    - target: {fileID: 4283190232758626, guid: 99334f0ccf1fe4045b0f8effd19d04ab, type: 3}
      propertyPath: m_LocalRotation.z
      value: 0.5
      objectReference: {fileID: 0}
    - target: {fileID: 4283190232758626, guid: 99334f0ccf1fe4045b0f8effd19d04ab, type: 3}
      propertyPath: m_LocalRotation.w
      value: -0.5
      objectReference: {fileID: 0}
    - target: {fileID: 4283190232758626, guid: 99334f0ccf1fe4045b0f8effd19d04ab, type: 3}
      propertyPath: m_RootOrder
      value: 1
      objectReference: {fileID: 0}
    m_RemovedComponents: []
  m_SourcePrefab: {fileID: 100100000, guid: 99334f0ccf1fe4045b0f8effd19d04ab, type: 3}
--- !u!1001 &1115870047
PrefabInstance:
  m_ObjectHideFlags: 0
  serializedVersion: 2
  m_Modification:
    m_TransformParent: {fileID: 1199188452}
    m_Modifications:
    - target: {fileID: 1777424294477136, guid: 79d779433f4014344aafaba426f9cc88, type: 3}
      propertyPath: m_Name
      value: LevelBlock
      objectReference: {fileID: 0}
    - target: {fileID: 4939291082442900, guid: 79d779433f4014344aafaba426f9cc88, type: 3}
      propertyPath: m_LocalPosition.x
      value: 2
      objectReference: {fileID: 0}
    - target: {fileID: 4939291082442900, guid: 79d779433f4014344aafaba426f9cc88, type: 3}
      propertyPath: m_LocalPosition.y
      value: 0
      objectReference: {fileID: 0}
    - target: {fileID: 4939291082442900, guid: 79d779433f4014344aafaba426f9cc88, type: 3}
      propertyPath: m_LocalPosition.z
      value: -3
      objectReference: {fileID: 0}
    - target: {fileID: 4939291082442900, guid: 79d779433f4014344aafaba426f9cc88, type: 3}
      propertyPath: m_LocalRotation.x
      value: -0
      objectReference: {fileID: 0}
    - target: {fileID: 4939291082442900, guid: 79d779433f4014344aafaba426f9cc88, type: 3}
      propertyPath: m_LocalRotation.y
      value: -0
      objectReference: {fileID: 0}
    - target: {fileID: 4939291082442900, guid: 79d779433f4014344aafaba426f9cc88, type: 3}
      propertyPath: m_LocalRotation.z
      value: -0
      objectReference: {fileID: 0}
    - target: {fileID: 4939291082442900, guid: 79d779433f4014344aafaba426f9cc88, type: 3}
      propertyPath: m_LocalRotation.w
      value: 1
      objectReference: {fileID: 0}
    - target: {fileID: 4939291082442900, guid: 79d779433f4014344aafaba426f9cc88, type: 3}
      propertyPath: m_RootOrder
      value: 9
      objectReference: {fileID: 0}
    m_RemovedComponents: []
  m_SourcePrefab: {fileID: 100100000, guid: 79d779433f4014344aafaba426f9cc88, type: 3}
--- !u!4 &1115870048 stripped
Transform:
  m_CorrespondingSourceObject: {fileID: 4939291082442900, guid: 79d779433f4014344aafaba426f9cc88,
    type: 3}
  m_PrefabInstance: {fileID: 1115870047}
  m_PrefabAsset: {fileID: 0}
--- !u!1001 &1167683019
PrefabInstance:
  m_ObjectHideFlags: 0
  serializedVersion: 2
  m_Modification:
    m_TransformParent: {fileID: 0}
    m_Modifications:
    - target: {fileID: 2457452948785535715, guid: cf6990341251d5d4190711bb357c6a18,
        type: 3}
      propertyPath: m_OnClick.m_PersistentCalls.m_Calls.Array.data[0].m_Target
      value: 
      objectReference: {fileID: 1196686358}
    - target: {fileID: 2457452948785535715, guid: cf6990341251d5d4190711bb357c6a18,
        type: 3}
      propertyPath: m_OnClick.m_PersistentCalls.m_Calls.Array.data[0].m_MethodName
      value: ChangeAngle
      objectReference: {fileID: 0}
    - target: {fileID: 5160681186242877697, guid: cf6990341251d5d4190711bb357c6a18,
        type: 3}
      propertyPath: m_OnClick.m_PersistentCalls.m_Calls.Array.data[0].m_Target
      value: 
      objectReference: {fileID: 1196686358}
    - target: {fileID: 5160681186242877697, guid: cf6990341251d5d4190711bb357c6a18,
        type: 3}
      propertyPath: m_OnClick.m_PersistentCalls.m_Calls.Array.data[0].m_MethodName
      value: ChangeZoom
      objectReference: {fileID: 0}
    - target: {fileID: 5997791356043943032, guid: cf6990341251d5d4190711bb357c6a18,
        type: 3}
      propertyPath: m_OnClick.m_PersistentCalls.m_Calls.Array.data[0].m_Target
      value: 
      objectReference: {fileID: 1196686358}
    - target: {fileID: 5997791356043943032, guid: cf6990341251d5d4190711bb357c6a18,
        type: 3}
      propertyPath: m_OnClick.m_PersistentCalls.m_Calls.Array.data[0].m_MethodName
      value: ChangeAngle
      objectReference: {fileID: 0}
    - target: {fileID: 6726398704894913485, guid: cf6990341251d5d4190711bb357c6a18,
        type: 3}
      propertyPath: m_LocalPosition.x
      value: 0
      objectReference: {fileID: 0}
    - target: {fileID: 6726398704894913485, guid: cf6990341251d5d4190711bb357c6a18,
        type: 3}
      propertyPath: m_LocalPosition.y
      value: 0
      objectReference: {fileID: 0}
    - target: {fileID: 6726398704894913485, guid: cf6990341251d5d4190711bb357c6a18,
        type: 3}
      propertyPath: m_LocalPosition.z
      value: 0
      objectReference: {fileID: 0}
    - target: {fileID: 6726398704894913485, guid: cf6990341251d5d4190711bb357c6a18,
        type: 3}
      propertyPath: m_LocalRotation.x
      value: 0
      objectReference: {fileID: 0}
    - target: {fileID: 6726398704894913485, guid: cf6990341251d5d4190711bb357c6a18,
        type: 3}
      propertyPath: m_LocalRotation.y
      value: 0
      objectReference: {fileID: 0}
    - target: {fileID: 6726398704894913485, guid: cf6990341251d5d4190711bb357c6a18,
        type: 3}
      propertyPath: m_LocalRotation.z
      value: 0
      objectReference: {fileID: 0}
    - target: {fileID: 6726398704894913485, guid: cf6990341251d5d4190711bb357c6a18,
        type: 3}
      propertyPath: m_LocalRotation.w
      value: 1
      objectReference: {fileID: 0}
    - target: {fileID: 6726398704894913485, guid: cf6990341251d5d4190711bb357c6a18,
        type: 3}
      propertyPath: m_RootOrder
      value: 5
      objectReference: {fileID: 0}
    - target: {fileID: 6726398704894913485, guid: cf6990341251d5d4190711bb357c6a18,
        type: 3}
      propertyPath: m_LocalEulerAnglesHint.x
      value: 0
      objectReference: {fileID: 0}
    - target: {fileID: 6726398704894913485, guid: cf6990341251d5d4190711bb357c6a18,
        type: 3}
      propertyPath: m_LocalEulerAnglesHint.y
      value: 0
      objectReference: {fileID: 0}
    - target: {fileID: 6726398704894913485, guid: cf6990341251d5d4190711bb357c6a18,
        type: 3}
      propertyPath: m_LocalEulerAnglesHint.z
      value: 0
      objectReference: {fileID: 0}
    - target: {fileID: 6726398704894913485, guid: cf6990341251d5d4190711bb357c6a18,
        type: 3}
      propertyPath: m_AnchoredPosition.x
      value: 0
      objectReference: {fileID: 0}
    - target: {fileID: 6726398704894913485, guid: cf6990341251d5d4190711bb357c6a18,
        type: 3}
      propertyPath: m_AnchoredPosition.y
      value: 0
      objectReference: {fileID: 0}
    - target: {fileID: 6726398704894913485, guid: cf6990341251d5d4190711bb357c6a18,
        type: 3}
      propertyPath: m_SizeDelta.x
      value: 0
      objectReference: {fileID: 0}
    - target: {fileID: 6726398704894913485, guid: cf6990341251d5d4190711bb357c6a18,
        type: 3}
      propertyPath: m_SizeDelta.y
      value: 0
      objectReference: {fileID: 0}
    - target: {fileID: 6726398704894913485, guid: cf6990341251d5d4190711bb357c6a18,
        type: 3}
      propertyPath: m_AnchorMin.x
      value: 0
      objectReference: {fileID: 0}
    - target: {fileID: 6726398704894913485, guid: cf6990341251d5d4190711bb357c6a18,
        type: 3}
      propertyPath: m_AnchorMin.y
      value: 0
      objectReference: {fileID: 0}
    - target: {fileID: 6726398704894913485, guid: cf6990341251d5d4190711bb357c6a18,
        type: 3}
      propertyPath: m_AnchorMax.x
      value: 0
      objectReference: {fileID: 0}
    - target: {fileID: 6726398704894913485, guid: cf6990341251d5d4190711bb357c6a18,
        type: 3}
      propertyPath: m_AnchorMax.y
      value: 0
      objectReference: {fileID: 0}
    - target: {fileID: 6726398704894913485, guid: cf6990341251d5d4190711bb357c6a18,
        type: 3}
      propertyPath: m_Pivot.x
      value: 0
      objectReference: {fileID: 0}
    - target: {fileID: 6726398704894913485, guid: cf6990341251d5d4190711bb357c6a18,
        type: 3}
      propertyPath: m_Pivot.y
      value: 0
      objectReference: {fileID: 0}
    - target: {fileID: 6773723860695066101, guid: cf6990341251d5d4190711bb357c6a18,
        type: 3}
      propertyPath: m_OnClick.m_PersistentCalls.m_Calls.Array.data[0].m_Target
      value: 
      objectReference: {fileID: 1196686358}
    - target: {fileID: 6773723860695066101, guid: cf6990341251d5d4190711bb357c6a18,
        type: 3}
      propertyPath: m_OnClick.m_PersistentCalls.m_Calls.Array.data[0].m_MethodName
      value: ChangeZoom
      objectReference: {fileID: 0}
    - target: {fileID: 6791714026297822673, guid: cf6990341251d5d4190711bb357c6a18,
        type: 3}
      propertyPath: m_Name
      value: GameCanvas
      objectReference: {fileID: 0}
    m_RemovedComponents: []
  m_SourcePrefab: {fileID: 100100000, guid: cf6990341251d5d4190711bb357c6a18, type: 3}
--- !u!1001 &1175037869
PrefabInstance:
  m_ObjectHideFlags: 0
  serializedVersion: 2
  m_Modification:
    m_TransformParent: {fileID: 1199188452}
    m_Modifications:
    - target: {fileID: 1777424294477136, guid: 79d779433f4014344aafaba426f9cc88, type: 3}
      propertyPath: m_Name
      value: LevelBlock
      objectReference: {fileID: 0}
    - target: {fileID: 4939291082442900, guid: 79d779433f4014344aafaba426f9cc88, type: 3}
      propertyPath: m_LocalPosition.x
      value: 0
      objectReference: {fileID: 0}
    - target: {fileID: 4939291082442900, guid: 79d779433f4014344aafaba426f9cc88, type: 3}
      propertyPath: m_LocalPosition.y
      value: 0
      objectReference: {fileID: 0}
    - target: {fileID: 4939291082442900, guid: 79d779433f4014344aafaba426f9cc88, type: 3}
      propertyPath: m_LocalPosition.z
      value: -3
      objectReference: {fileID: 0}
    - target: {fileID: 4939291082442900, guid: 79d779433f4014344aafaba426f9cc88, type: 3}
      propertyPath: m_LocalRotation.x
      value: -0
      objectReference: {fileID: 0}
    - target: {fileID: 4939291082442900, guid: 79d779433f4014344aafaba426f9cc88, type: 3}
      propertyPath: m_LocalRotation.y
      value: -0
      objectReference: {fileID: 0}
    - target: {fileID: 4939291082442900, guid: 79d779433f4014344aafaba426f9cc88, type: 3}
      propertyPath: m_LocalRotation.z
      value: -0
      objectReference: {fileID: 0}
    - target: {fileID: 4939291082442900, guid: 79d779433f4014344aafaba426f9cc88, type: 3}
      propertyPath: m_LocalRotation.w
      value: 1
      objectReference: {fileID: 0}
    - target: {fileID: 4939291082442900, guid: 79d779433f4014344aafaba426f9cc88, type: 3}
      propertyPath: m_RootOrder
      value: 15
      objectReference: {fileID: 0}
    m_RemovedComponents: []
  m_SourcePrefab: {fileID: 100100000, guid: 79d779433f4014344aafaba426f9cc88, type: 3}
--- !u!4 &1175037870 stripped
Transform:
  m_CorrespondingSourceObject: {fileID: 4939291082442900, guid: 79d779433f4014344aafaba426f9cc88,
    type: 3}
  m_PrefabInstance: {fileID: 1175037869}
  m_PrefabAsset: {fileID: 0}
--- !u!1001 &1196686357
PrefabInstance:
  m_ObjectHideFlags: 0
  serializedVersion: 2
  m_Modification:
    m_TransformParent: {fileID: 0}
    m_Modifications:
    - target: {fileID: 3898523921713517949, guid: b05e66f8ec2c4874da4df58b282153ff,
        type: 3}
      propertyPath: m_Name
      value: Main Camera
      objectReference: {fileID: 0}
    - target: {fileID: 3898523921713517950, guid: b05e66f8ec2c4874da4df58b282153ff,
        type: 3}
      propertyPath: m_LocalPosition.x
      value: 0
      objectReference: {fileID: 0}
    - target: {fileID: 3898523921713517950, guid: b05e66f8ec2c4874da4df58b282153ff,
        type: 3}
      propertyPath: m_LocalPosition.y
      value: 5
      objectReference: {fileID: 0}
    - target: {fileID: 3898523921713517950, guid: b05e66f8ec2c4874da4df58b282153ff,
        type: 3}
      propertyPath: m_LocalPosition.z
      value: -4.5
      objectReference: {fileID: 0}
    - target: {fileID: 3898523921713517950, guid: b05e66f8ec2c4874da4df58b282153ff,
        type: 3}
      propertyPath: m_LocalRotation.x
      value: 0.38268346
      objectReference: {fileID: 0}
    - target: {fileID: 3898523921713517950, guid: b05e66f8ec2c4874da4df58b282153ff,
        type: 3}
      propertyPath: m_LocalRotation.y
      value: -0
      objectReference: {fileID: 0}
    - target: {fileID: 3898523921713517950, guid: b05e66f8ec2c4874da4df58b282153ff,
        type: 3}
      propertyPath: m_LocalRotation.z
      value: -0
      objectReference: {fileID: 0}
    - target: {fileID: 3898523921713517950, guid: b05e66f8ec2c4874da4df58b282153ff,
        type: 3}
      propertyPath: m_LocalRotation.w
      value: 0.9238796
      objectReference: {fileID: 0}
    - target: {fileID: 3898523921713517950, guid: b05e66f8ec2c4874da4df58b282153ff,
        type: 3}
      propertyPath: m_RootOrder
      value: 4
      objectReference: {fileID: 0}
    - target: {fileID: 3898523921713517950, guid: b05e66f8ec2c4874da4df58b282153ff,
        type: 3}
      propertyPath: m_LocalEulerAnglesHint.x
      value: 45
      objectReference: {fileID: 0}
    - target: {fileID: 3898523921713517950, guid: b05e66f8ec2c4874da4df58b282153ff,
        type: 3}
      propertyPath: m_LocalEulerAnglesHint.y
      value: -90
      objectReference: {fileID: 0}
    - target: {fileID: 3898523921713517950, guid: b05e66f8ec2c4874da4df58b282153ff,
        type: 3}
      propertyPath: m_LocalEulerAnglesHint.z
      value: 0
      objectReference: {fileID: 0}
    m_RemovedComponents: []
  m_SourcePrefab: {fileID: 100100000, guid: b05e66f8ec2c4874da4df58b282153ff, type: 3}
--- !u!114 &1196686358 stripped
MonoBehaviour:
  m_CorrespondingSourceObject: {fileID: 3898523921713517921, guid: b05e66f8ec2c4874da4df58b282153ff,
    type: 3}
  m_PrefabInstance: {fileID: 1196686357}
  m_PrefabAsset: {fileID: 0}
  m_GameObject: {fileID: 0}
  m_Enabled: 1
  m_EditorHideFlags: 0
  m_Script: {fileID: 11500000, guid: a419ed70ce6a8dc4db83514381dcfd4c, type: 3}
  m_Name: 
  m_EditorClassIdentifier: 
--- !u!1 &1199188451
GameObject:
  m_ObjectHideFlags: 0
  m_CorrespondingSourceObject: {fileID: 1835731538007752, guid: 5c6d3bc2e70b54f4c91e6bbbd9dce058,
    type: 3}
  m_PrefabInstance: {fileID: 0}
  m_PrefabAsset: {fileID: 0}
  serializedVersion: 6
  m_Component:
  - component: {fileID: 1199188452}
  m_Layer: 0
  m_Name: Level4
  m_TagString: Untagged
  m_Icon: {fileID: 0}
  m_NavMeshLayer: 0
  m_StaticEditorFlags: 0
  m_IsActive: 1
--- !u!4 &1199188452
Transform:
  m_ObjectHideFlags: 0
  m_CorrespondingSourceObject: {fileID: 4495082840425166, guid: 5c6d3bc2e70b54f4c91e6bbbd9dce058,
    type: 3}
  m_PrefabInstance: {fileID: 0}
  m_PrefabAsset: {fileID: 0}
  m_GameObject: {fileID: 1199188451}
  m_LocalRotation: {x: -0, y: -0, z: -0, w: 1}
  m_LocalPosition: {x: 0, y: 0, z: 0}
  m_LocalScale: {x: 1, y: 1, z: 1}
  m_Children:
  - {fileID: 1489706771}
  - {fileID: 2090185141}
  - {fileID: 1751709908}
  - {fileID: 1235955450}
  - {fileID: 769729392}
  - {fileID: 138642776}
  - {fileID: 1544531363}
  - {fileID: 907695773}
  - {fileID: 470233089}
  - {fileID: 1115870048}
  - {fileID: 757660416}
  - {fileID: 52765263}
  - {fileID: 144361536}
  - {fileID: 462330237}
  - {fileID: 1593707439}
  - {fileID: 1175037870}
  - {fileID: 1961688440}
  - {fileID: 1687430178}
  - {fileID: 553063194}
  - {fileID: 1531781957}
  - {fileID: 197358970}
  - {fileID: 1879475251}
  - {fileID: 1737726559}
  - {fileID: 1930717517}
  - {fileID: 1261834507}
  - {fileID: 8577039}
  - {fileID: 140746271}
  - {fileID: 428090332}
  - {fileID: 294346395}
  - {fileID: 1725810315}
  - {fileID: 754429998}
  - {fileID: 893888537}
  - {fileID: 562746735}
  - {fileID: 620610475}
  - {fileID: 512812843}
  - {fileID: 1612617960}
  m_Father: {fileID: 0}
  m_RootOrder: 3
  m_LocalEulerAnglesHint: {x: 0, y: 0, z: 0}
--- !u!1001 &1208434196
PrefabInstance:
  m_ObjectHideFlags: 0
  serializedVersion: 2
  m_Modification:
    m_TransformParent: {fileID: 0}
    m_Modifications:
    - target: {fileID: 4720863894126692, guid: 651a59f7572ecec4093337240a976ff1, type: 3}
      propertyPath: m_LocalPosition.x
      value: 0
      objectReference: {fileID: 0}
    - target: {fileID: 4720863894126692, guid: 651a59f7572ecec4093337240a976ff1, type: 3}
      propertyPath: m_LocalPosition.y
      value: 3
      objectReference: {fileID: 0}
    - target: {fileID: 4720863894126692, guid: 651a59f7572ecec4093337240a976ff1, type: 3}
      propertyPath: m_LocalPosition.z
      value: 0
      objectReference: {fileID: 0}
    - target: {fileID: 4720863894126692, guid: 651a59f7572ecec4093337240a976ff1, type: 3}
      propertyPath: m_LocalRotation.x
      value: 0.7071068
      objectReference: {fileID: 0}
    - target: {fileID: 4720863894126692, guid: 651a59f7572ecec4093337240a976ff1, type: 3}
      propertyPath: m_LocalRotation.y
      value: 0
      objectReference: {fileID: 0}
    - target: {fileID: 4720863894126692, guid: 651a59f7572ecec4093337240a976ff1, type: 3}
      propertyPath: m_LocalRotation.z
      value: 0
      objectReference: {fileID: 0}
    - target: {fileID: 4720863894126692, guid: 651a59f7572ecec4093337240a976ff1, type: 3}
      propertyPath: m_LocalRotation.w
      value: 0.7071068
      objectReference: {fileID: 0}
    - target: {fileID: 4720863894126692, guid: 651a59f7572ecec4093337240a976ff1, type: 3}
      propertyPath: m_RootOrder
      value: 2
      objectReference: {fileID: 0}
    m_RemovedComponents: []
  m_SourcePrefab: {fileID: 100100000, guid: 651a59f7572ecec4093337240a976ff1, type: 3}
--- !u!1001 &1235955449
PrefabInstance:
  m_ObjectHideFlags: 0
  serializedVersion: 2
  m_Modification:
    m_TransformParent: {fileID: 1199188452}
    m_Modifications:
    - target: {fileID: 1874387761681704, guid: d50d1b7196cac9347b8ede2bc2327677, type: 3}
      propertyPath: m_Name
      value: JumpBlock
      objectReference: {fileID: 0}
    - target: {fileID: 4792553538533990, guid: d50d1b7196cac9347b8ede2bc2327677, type: 3}
      propertyPath: m_LocalPosition.x
      value: -2
      objectReference: {fileID: 0}
    - target: {fileID: 4792553538533990, guid: d50d1b7196cac9347b8ede2bc2327677, type: 3}
      propertyPath: m_LocalPosition.y
      value: 0
      objectReference: {fileID: 0}
    - target: {fileID: 4792553538533990, guid: d50d1b7196cac9347b8ede2bc2327677, type: 3}
      propertyPath: m_LocalPosition.z
      value: 2
      objectReference: {fileID: 0}
    - target: {fileID: 4792553538533990, guid: d50d1b7196cac9347b8ede2bc2327677, type: 3}
      propertyPath: m_LocalRotation.x
      value: -0
      objectReference: {fileID: 0}
    - target: {fileID: 4792553538533990, guid: d50d1b7196cac9347b8ede2bc2327677, type: 3}
      propertyPath: m_LocalRotation.y
      value: -0
      objectReference: {fileID: 0}
    - target: {fileID: 4792553538533990, guid: d50d1b7196cac9347b8ede2bc2327677, type: 3}
      propertyPath: m_LocalRotation.z
      value: -0
      objectReference: {fileID: 0}
    - target: {fileID: 4792553538533990, guid: d50d1b7196cac9347b8ede2bc2327677, type: 3}
      propertyPath: m_LocalRotation.w
      value: 1
      objectReference: {fileID: 0}
    - target: {fileID: 4792553538533990, guid: d50d1b7196cac9347b8ede2bc2327677, type: 3}
      propertyPath: m_RootOrder
      value: 3
      objectReference: {fileID: 0}
    m_RemovedComponents: []
  m_SourcePrefab: {fileID: 100100000, guid: d50d1b7196cac9347b8ede2bc2327677, type: 3}
--- !u!4 &1235955450 stripped
Transform:
  m_CorrespondingSourceObject: {fileID: 4792553538533990, guid: d50d1b7196cac9347b8ede2bc2327677,
    type: 3}
  m_PrefabInstance: {fileID: 1235955449}
  m_PrefabAsset: {fileID: 0}
--- !u!1001 &1261834506
PrefabInstance:
  m_ObjectHideFlags: 0
  serializedVersion: 2
  m_Modification:
    m_TransformParent: {fileID: 1199188452}
    m_Modifications:
    - target: {fileID: 1874387761681704, guid: d50d1b7196cac9347b8ede2bc2327677, type: 3}
      propertyPath: m_Name
      value: JumpBlock
      objectReference: {fileID: 0}
    - target: {fileID: 4792553538533990, guid: d50d1b7196cac9347b8ede2bc2327677, type: 3}
      propertyPath: m_LocalPosition.x
      value: -2
      objectReference: {fileID: 0}
    - target: {fileID: 4792553538533990, guid: d50d1b7196cac9347b8ede2bc2327677, type: 3}
      propertyPath: m_LocalPosition.y
      value: 0
      objectReference: {fileID: 0}
    - target: {fileID: 4792553538533990, guid: d50d1b7196cac9347b8ede2bc2327677, type: 3}
      propertyPath: m_LocalPosition.z
      value: -1
      objectReference: {fileID: 0}
    - target: {fileID: 4792553538533990, guid: d50d1b7196cac9347b8ede2bc2327677, type: 3}
      propertyPath: m_LocalRotation.x
      value: -0
      objectReference: {fileID: 0}
    - target: {fileID: 4792553538533990, guid: d50d1b7196cac9347b8ede2bc2327677, type: 3}
      propertyPath: m_LocalRotation.y
      value: -0
      objectReference: {fileID: 0}
    - target: {fileID: 4792553538533990, guid: d50d1b7196cac9347b8ede2bc2327677, type: 3}
      propertyPath: m_LocalRotation.z
      value: -0
      objectReference: {fileID: 0}
    - target: {fileID: 4792553538533990, guid: d50d1b7196cac9347b8ede2bc2327677, type: 3}
      propertyPath: m_LocalRotation.w
      value: 1
      objectReference: {fileID: 0}
    - target: {fileID: 4792553538533990, guid: d50d1b7196cac9347b8ede2bc2327677, type: 3}
      propertyPath: m_RootOrder
      value: 24
      objectReference: {fileID: 0}
    m_RemovedComponents: []
  m_SourcePrefab: {fileID: 100100000, guid: d50d1b7196cac9347b8ede2bc2327677, type: 3}
--- !u!4 &1261834507 stripped
Transform:
  m_CorrespondingSourceObject: {fileID: 4792553538533990, guid: d50d1b7196cac9347b8ede2bc2327677,
    type: 3}
  m_PrefabInstance: {fileID: 1261834506}
  m_PrefabAsset: {fileID: 0}
--- !u!1001 &1489706770
PrefabInstance:
  m_ObjectHideFlags: 0
  serializedVersion: 2
  m_Modification:
    m_TransformParent: {fileID: 1199188452}
    m_Modifications:
    - target: {fileID: 4792553538533990, guid: d50d1b7196cac9347b8ede2bc2327677, type: 3}
      propertyPath: m_LocalPosition.x
      value: 0
      objectReference: {fileID: 0}
    - target: {fileID: 4792553538533990, guid: d50d1b7196cac9347b8ede2bc2327677, type: 3}
      propertyPath: m_LocalPosition.y
      value: 0
      objectReference: {fileID: 0}
    - target: {fileID: 4792553538533990, guid: d50d1b7196cac9347b8ede2bc2327677, type: 3}
      propertyPath: m_LocalPosition.z
      value: 4
      objectReference: {fileID: 0}
    - target: {fileID: 4792553538533990, guid: d50d1b7196cac9347b8ede2bc2327677, type: 3}
      propertyPath: m_LocalRotation.x
      value: -0
      objectReference: {fileID: 0}
    - target: {fileID: 4792553538533990, guid: d50d1b7196cac9347b8ede2bc2327677, type: 3}
      propertyPath: m_LocalRotation.y
      value: -0
      objectReference: {fileID: 0}
    - target: {fileID: 4792553538533990, guid: d50d1b7196cac9347b8ede2bc2327677, type: 3}
      propertyPath: m_LocalRotation.z
      value: -0
      objectReference: {fileID: 0}
    - target: {fileID: 4792553538533990, guid: d50d1b7196cac9347b8ede2bc2327677, type: 3}
      propertyPath: m_LocalRotation.w
      value: 1
      objectReference: {fileID: 0}
    - target: {fileID: 4792553538533990, guid: d50d1b7196cac9347b8ede2bc2327677, type: 3}
      propertyPath: m_RootOrder
      value: 0
      objectReference: {fileID: 0}
    m_RemovedComponents: []
  m_SourcePrefab: {fileID: 100100000, guid: d50d1b7196cac9347b8ede2bc2327677, type: 3}
--- !u!4 &1489706771 stripped
Transform:
  m_CorrespondingSourceObject: {fileID: 4792553538533990, guid: d50d1b7196cac9347b8ede2bc2327677,
    type: 3}
  m_PrefabInstance: {fileID: 1489706770}
  m_PrefabAsset: {fileID: 0}
--- !u!1001 &1531781956
PrefabInstance:
  m_ObjectHideFlags: 0
  serializedVersion: 2
  m_Modification:
    m_TransformParent: {fileID: 1199188452}
    m_Modifications:
    - target: {fileID: 1777424294477136, guid: 79d779433f4014344aafaba426f9cc88, type: 3}
      propertyPath: m_Name
      value: LevelBlock
      objectReference: {fileID: 0}
    - target: {fileID: 4939291082442900, guid: 79d779433f4014344aafaba426f9cc88, type: 3}
      propertyPath: m_LocalPosition.x
      value: 0
      objectReference: {fileID: 0}
    - target: {fileID: 4939291082442900, guid: 79d779433f4014344aafaba426f9cc88, type: 3}
      propertyPath: m_LocalPosition.y
      value: 0
      objectReference: {fileID: 0}
    - target: {fileID: 4939291082442900, guid: 79d779433f4014344aafaba426f9cc88, type: 3}
      propertyPath: m_LocalPosition.z
      value: 1
      objectReference: {fileID: 0}
    - target: {fileID: 4939291082442900, guid: 79d779433f4014344aafaba426f9cc88, type: 3}
      propertyPath: m_LocalRotation.x
      value: -0
      objectReference: {fileID: 0}
    - target: {fileID: 4939291082442900, guid: 79d779433f4014344aafaba426f9cc88, type: 3}
      propertyPath: m_LocalRotation.y
      value: -0
      objectReference: {fileID: 0}
    - target: {fileID: 4939291082442900, guid: 79d779433f4014344aafaba426f9cc88, type: 3}
      propertyPath: m_LocalRotation.z
      value: -0
      objectReference: {fileID: 0}
    - target: {fileID: 4939291082442900, guid: 79d779433f4014344aafaba426f9cc88, type: 3}
      propertyPath: m_LocalRotation.w
      value: 1
      objectReference: {fileID: 0}
    - target: {fileID: 4939291082442900, guid: 79d779433f4014344aafaba426f9cc88, type: 3}
      propertyPath: m_RootOrder
      value: 19
      objectReference: {fileID: 0}
    m_RemovedComponents: []
  m_SourcePrefab: {fileID: 100100000, guid: 79d779433f4014344aafaba426f9cc88, type: 3}
--- !u!4 &1531781957 stripped
Transform:
  m_CorrespondingSourceObject: {fileID: 4939291082442900, guid: 79d779433f4014344aafaba426f9cc88,
    type: 3}
  m_PrefabInstance: {fileID: 1531781956}
  m_PrefabAsset: {fileID: 0}
--- !u!1001 &1544531362
PrefabInstance:
  m_ObjectHideFlags: 0
  serializedVersion: 2
  m_Modification:
    m_TransformParent: {fileID: 1199188452}
    m_Modifications:
    - target: {fileID: 1777424294477136, guid: 79d779433f4014344aafaba426f9cc88, type: 3}
      propertyPath: m_Name
      value: LevelBlock
      objectReference: {fileID: 0}
    - target: {fileID: 4939291082442900, guid: 79d779433f4014344aafaba426f9cc88, type: 3}
      propertyPath: m_LocalPosition.x
      value: 2
      objectReference: {fileID: 0}
    - target: {fileID: 4939291082442900, guid: 79d779433f4014344aafaba426f9cc88, type: 3}
      propertyPath: m_LocalPosition.y
      value: 0
      objectReference: {fileID: 0}
    - target: {fileID: 4939291082442900, guid: 79d779433f4014344aafaba426f9cc88, type: 3}
      propertyPath: m_LocalPosition.z
      value: 0
      objectReference: {fileID: 0}
    - target: {fileID: 4939291082442900, guid: 79d779433f4014344aafaba426f9cc88, type: 3}
      propertyPath: m_LocalRotation.x
      value: -0
      objectReference: {fileID: 0}
    - target: {fileID: 4939291082442900, guid: 79d779433f4014344aafaba426f9cc88, type: 3}
      propertyPath: m_LocalRotation.y
      value: -0
      objectReference: {fileID: 0}
    - target: {fileID: 4939291082442900, guid: 79d779433f4014344aafaba426f9cc88, type: 3}
      propertyPath: m_LocalRotation.z
      value: -0
      objectReference: {fileID: 0}
    - target: {fileID: 4939291082442900, guid: 79d779433f4014344aafaba426f9cc88, type: 3}
      propertyPath: m_LocalRotation.w
      value: 1
      objectReference: {fileID: 0}
    - target: {fileID: 4939291082442900, guid: 79d779433f4014344aafaba426f9cc88, type: 3}
      propertyPath: m_RootOrder
      value: 6
      objectReference: {fileID: 0}
    m_RemovedComponents: []
  m_SourcePrefab: {fileID: 100100000, guid: 79d779433f4014344aafaba426f9cc88, type: 3}
--- !u!4 &1544531363 stripped
Transform:
  m_CorrespondingSourceObject: {fileID: 4939291082442900, guid: 79d779433f4014344aafaba426f9cc88,
    type: 3}
  m_PrefabInstance: {fileID: 1544531362}
  m_PrefabAsset: {fileID: 0}
--- !u!1001 &1593707438
PrefabInstance:
  m_ObjectHideFlags: 0
  serializedVersion: 2
  m_Modification:
    m_TransformParent: {fileID: 1199188452}
    m_Modifications:
    - target: {fileID: 1777424294477136, guid: 79d779433f4014344aafaba426f9cc88, type: 3}
      propertyPath: m_Name
      value: LevelBlock
      objectReference: {fileID: 0}
    - target: {fileID: 4939291082442900, guid: 79d779433f4014344aafaba426f9cc88, type: 3}
      propertyPath: m_LocalPosition.x
      value: 0
      objectReference: {fileID: 0}
    - target: {fileID: 4939291082442900, guid: 79d779433f4014344aafaba426f9cc88, type: 3}
      propertyPath: m_LocalPosition.y
      value: 0
      objectReference: {fileID: 0}
    - target: {fileID: 4939291082442900, guid: 79d779433f4014344aafaba426f9cc88, type: 3}
      propertyPath: m_LocalPosition.z
      value: -4
      objectReference: {fileID: 0}
    - target: {fileID: 4939291082442900, guid: 79d779433f4014344aafaba426f9cc88, type: 3}
      propertyPath: m_LocalRotation.x
      value: -0
      objectReference: {fileID: 0}
    - target: {fileID: 4939291082442900, guid: 79d779433f4014344aafaba426f9cc88, type: 3}
      propertyPath: m_LocalRotation.y
      value: -0
      objectReference: {fileID: 0}
    - target: {fileID: 4939291082442900, guid: 79d779433f4014344aafaba426f9cc88, type: 3}
      propertyPath: m_LocalRotation.z
      value: -0
      objectReference: {fileID: 0}
    - target: {fileID: 4939291082442900, guid: 79d779433f4014344aafaba426f9cc88, type: 3}
      propertyPath: m_LocalRotation.w
      value: 1
      objectReference: {fileID: 0}
    - target: {fileID: 4939291082442900, guid: 79d779433f4014344aafaba426f9cc88, type: 3}
      propertyPath: m_RootOrder
      value: 14
      objectReference: {fileID: 0}
    m_RemovedComponents: []
  m_SourcePrefab: {fileID: 100100000, guid: 79d779433f4014344aafaba426f9cc88, type: 3}
--- !u!4 &1593707439 stripped
Transform:
  m_CorrespondingSourceObject: {fileID: 4939291082442900, guid: 79d779433f4014344aafaba426f9cc88,
    type: 3}
  m_PrefabInstance: {fileID: 1593707438}
  m_PrefabAsset: {fileID: 0}
--- !u!1001 &1612617959
PrefabInstance:
  m_ObjectHideFlags: 0
  serializedVersion: 2
  m_Modification:
    m_TransformParent: {fileID: 1199188452}
    m_Modifications:
    - target: {fileID: 1777424294477136, guid: 79d779433f4014344aafaba426f9cc88, type: 3}
      propertyPath: m_Name
      value: LevelBlock
      objectReference: {fileID: 0}
    - target: {fileID: 4939291082442900, guid: 79d779433f4014344aafaba426f9cc88, type: 3}
      propertyPath: m_LocalPosition.x
      value: -4
      objectReference: {fileID: 0}
    - target: {fileID: 4939291082442900, guid: 79d779433f4014344aafaba426f9cc88, type: 3}
      propertyPath: m_LocalPosition.y
      value: 0
      objectReference: {fileID: 0}
    - target: {fileID: 4939291082442900, guid: 79d779433f4014344aafaba426f9cc88, type: 3}
      propertyPath: m_LocalPosition.z
      value: -6
      objectReference: {fileID: 0}
    - target: {fileID: 4939291082442900, guid: 79d779433f4014344aafaba426f9cc88, type: 3}
      propertyPath: m_LocalRotation.x
      value: -0
      objectReference: {fileID: 0}
    - target: {fileID: 4939291082442900, guid: 79d779433f4014344aafaba426f9cc88, type: 3}
      propertyPath: m_LocalRotation.y
      value: -0
      objectReference: {fileID: 0}
    - target: {fileID: 4939291082442900, guid: 79d779433f4014344aafaba426f9cc88, type: 3}
      propertyPath: m_LocalRotation.z
      value: -0
      objectReference: {fileID: 0}
    - target: {fileID: 4939291082442900, guid: 79d779433f4014344aafaba426f9cc88, type: 3}
      propertyPath: m_LocalRotation.w
      value: 1
      objectReference: {fileID: 0}
    - target: {fileID: 4939291082442900, guid: 79d779433f4014344aafaba426f9cc88, type: 3}
      propertyPath: m_RootOrder
      value: 35
      objectReference: {fileID: 0}
    m_RemovedComponents: []
  m_SourcePrefab: {fileID: 100100000, guid: 79d779433f4014344aafaba426f9cc88, type: 3}
--- !u!4 &1612617960 stripped
Transform:
  m_CorrespondingSourceObject: {fileID: 4939291082442900, guid: 79d779433f4014344aafaba426f9cc88,
    type: 3}
  m_PrefabInstance: {fileID: 1612617959}
  m_PrefabAsset: {fileID: 0}
--- !u!1001 &1687430177
PrefabInstance:
  m_ObjectHideFlags: 0
  serializedVersion: 2
  m_Modification:
    m_TransformParent: {fileID: 1199188452}
    m_Modifications:
    - target: {fileID: 1777424294477136, guid: 79d779433f4014344aafaba426f9cc88, type: 3}
      propertyPath: m_Name
      value: LevelBlock
      objectReference: {fileID: 0}
    - target: {fileID: 4939291082442900, guid: 79d779433f4014344aafaba426f9cc88, type: 3}
      propertyPath: m_LocalPosition.x
      value: -2
      objectReference: {fileID: 0}
    - target: {fileID: 4939291082442900, guid: 79d779433f4014344aafaba426f9cc88, type: 3}
      propertyPath: m_LocalPosition.y
      value: 0
      objectReference: {fileID: 0}
    - target: {fileID: 4939291082442900, guid: 79d779433f4014344aafaba426f9cc88, type: 3}
      propertyPath: m_LocalPosition.z
      value: 1
      objectReference: {fileID: 0}
    - target: {fileID: 4939291082442900, guid: 79d779433f4014344aafaba426f9cc88, type: 3}
      propertyPath: m_LocalRotation.x
      value: -0
      objectReference: {fileID: 0}
    - target: {fileID: 4939291082442900, guid: 79d779433f4014344aafaba426f9cc88, type: 3}
      propertyPath: m_LocalRotation.y
      value: -0
      objectReference: {fileID: 0}
    - target: {fileID: 4939291082442900, guid: 79d779433f4014344aafaba426f9cc88, type: 3}
      propertyPath: m_LocalRotation.z
      value: -0
      objectReference: {fileID: 0}
    - target: {fileID: 4939291082442900, guid: 79d779433f4014344aafaba426f9cc88, type: 3}
      propertyPath: m_LocalRotation.w
      value: 1
      objectReference: {fileID: 0}
    - target: {fileID: 4939291082442900, guid: 79d779433f4014344aafaba426f9cc88, type: 3}
      propertyPath: m_RootOrder
      value: 17
      objectReference: {fileID: 0}
    m_RemovedComponents: []
  m_SourcePrefab: {fileID: 100100000, guid: 79d779433f4014344aafaba426f9cc88, type: 3}
--- !u!4 &1687430178 stripped
Transform:
  m_CorrespondingSourceObject: {fileID: 4939291082442900, guid: 79d779433f4014344aafaba426f9cc88,
    type: 3}
  m_PrefabInstance: {fileID: 1687430177}
  m_PrefabAsset: {fileID: 0}
--- !u!1001 &1725810314
PrefabInstance:
  m_ObjectHideFlags: 0
  serializedVersion: 2
  m_Modification:
    m_TransformParent: {fileID: 1199188452}
    m_Modifications:
    - target: {fileID: 1777424294477136, guid: 79d779433f4014344aafaba426f9cc88, type: 3}
      propertyPath: m_Name
      value: LevelBlock
      objectReference: {fileID: 0}
    - target: {fileID: 4939291082442900, guid: 79d779433f4014344aafaba426f9cc88, type: 3}
      propertyPath: m_LocalPosition.x
      value: -4
      objectReference: {fileID: 0}
    - target: {fileID: 4939291082442900, guid: 79d779433f4014344aafaba426f9cc88, type: 3}
      propertyPath: m_LocalPosition.y
      value: 0
      objectReference: {fileID: 0}
    - target: {fileID: 4939291082442900, guid: 79d779433f4014344aafaba426f9cc88, type: 3}
      propertyPath: m_LocalPosition.z
      value: -5
      objectReference: {fileID: 0}
    - target: {fileID: 4939291082442900, guid: 79d779433f4014344aafaba426f9cc88, type: 3}
      propertyPath: m_LocalRotation.x
      value: -0
      objectReference: {fileID: 0}
    - target: {fileID: 4939291082442900, guid: 79d779433f4014344aafaba426f9cc88, type: 3}
      propertyPath: m_LocalRotation.y
      value: -0
      objectReference: {fileID: 0}
    - target: {fileID: 4939291082442900, guid: 79d779433f4014344aafaba426f9cc88, type: 3}
      propertyPath: m_LocalRotation.z
      value: -0
      objectReference: {fileID: 0}
    - target: {fileID: 4939291082442900, guid: 79d779433f4014344aafaba426f9cc88, type: 3}
      propertyPath: m_LocalRotation.w
      value: 1
      objectReference: {fileID: 0}
    - target: {fileID: 4939291082442900, guid: 79d779433f4014344aafaba426f9cc88, type: 3}
      propertyPath: m_RootOrder
      value: 29
      objectReference: {fileID: 0}
    m_RemovedComponents: []
  m_SourcePrefab: {fileID: 100100000, guid: 79d779433f4014344aafaba426f9cc88, type: 3}
--- !u!4 &1725810315 stripped
Transform:
  m_CorrespondingSourceObject: {fileID: 4939291082442900, guid: 79d779433f4014344aafaba426f9cc88,
    type: 3}
  m_PrefabInstance: {fileID: 1725810314}
  m_PrefabAsset: {fileID: 0}
--- !u!1001 &1737726558
PrefabInstance:
  m_ObjectHideFlags: 0
  serializedVersion: 2
  m_Modification:
    m_TransformParent: {fileID: 1199188452}
    m_Modifications:
    - target: {fileID: 1777424294477136, guid: 79d779433f4014344aafaba426f9cc88, type: 3}
      propertyPath: m_Name
      value: LevelBlock
      objectReference: {fileID: 0}
    - target: {fileID: 4939291082442900, guid: 79d779433f4014344aafaba426f9cc88, type: 3}
      propertyPath: m_LocalPosition.x
      value: -1
      objectReference: {fileID: 0}
    - target: {fileID: 4939291082442900, guid: 79d779433f4014344aafaba426f9cc88, type: 3}
      propertyPath: m_LocalPosition.y
      value: 0
      objectReference: {fileID: 0}
    - target: {fileID: 4939291082442900, guid: 79d779433f4014344aafaba426f9cc88, type: 3}
      propertyPath: m_LocalPosition.z
      value: -2
      objectReference: {fileID: 0}
    - target: {fileID: 4939291082442900, guid: 79d779433f4014344aafaba426f9cc88, type: 3}
      propertyPath: m_LocalRotation.x
      value: -0
      objectReference: {fileID: 0}
    - target: {fileID: 4939291082442900, guid: 79d779433f4014344aafaba426f9cc88, type: 3}
      propertyPath: m_LocalRotation.y
      value: -0
      objectReference: {fileID: 0}
    - target: {fileID: 4939291082442900, guid: 79d779433f4014344aafaba426f9cc88, type: 3}
      propertyPath: m_LocalRotation.z
      value: -0
      objectReference: {fileID: 0}
    - target: {fileID: 4939291082442900, guid: 79d779433f4014344aafaba426f9cc88, type: 3}
      propertyPath: m_LocalRotation.w
      value: 1
      objectReference: {fileID: 0}
    - target: {fileID: 4939291082442900, guid: 79d779433f4014344aafaba426f9cc88, type: 3}
      propertyPath: m_RootOrder
      value: 22
      objectReference: {fileID: 0}
    m_RemovedComponents: []
  m_SourcePrefab: {fileID: 100100000, guid: 79d779433f4014344aafaba426f9cc88, type: 3}
--- !u!4 &1737726559 stripped
Transform:
  m_CorrespondingSourceObject: {fileID: 4939291082442900, guid: 79d779433f4014344aafaba426f9cc88,
    type: 3}
  m_PrefabInstance: {fileID: 1737726558}
  m_PrefabAsset: {fileID: 0}
--- !u!1001 &1751709907
PrefabInstance:
  m_ObjectHideFlags: 0
  serializedVersion: 2
  m_Modification:
    m_TransformParent: {fileID: 1199188452}
    m_Modifications:
    - target: {fileID: 1874387761681704, guid: d50d1b7196cac9347b8ede2bc2327677, type: 3}
      propertyPath: m_Name
      value: JumpBlock
      objectReference: {fileID: 0}
    - target: {fileID: 4792553538533990, guid: d50d1b7196cac9347b8ede2bc2327677, type: 3}
      propertyPath: m_LocalPosition.x
      value: -2
      objectReference: {fileID: 0}
    - target: {fileID: 4792553538533990, guid: d50d1b7196cac9347b8ede2bc2327677, type: 3}
      propertyPath: m_LocalPosition.y
      value: 0
      objectReference: {fileID: 0}
    - target: {fileID: 4792553538533990, guid: d50d1b7196cac9347b8ede2bc2327677, type: 3}
      propertyPath: m_LocalPosition.z
      value: 4
      objectReference: {fileID: 0}
    - target: {fileID: 4792553538533990, guid: d50d1b7196cac9347b8ede2bc2327677, type: 3}
      propertyPath: m_LocalRotation.x
      value: -0
      objectReference: {fileID: 0}
    - target: {fileID: 4792553538533990, guid: d50d1b7196cac9347b8ede2bc2327677, type: 3}
      propertyPath: m_LocalRotation.y
      value: -0
      objectReference: {fileID: 0}
    - target: {fileID: 4792553538533990, guid: d50d1b7196cac9347b8ede2bc2327677, type: 3}
      propertyPath: m_LocalRotation.z
      value: -0
      objectReference: {fileID: 0}
    - target: {fileID: 4792553538533990, guid: d50d1b7196cac9347b8ede2bc2327677, type: 3}
      propertyPath: m_LocalRotation.w
      value: 1
      objectReference: {fileID: 0}
    - target: {fileID: 4792553538533990, guid: d50d1b7196cac9347b8ede2bc2327677, type: 3}
      propertyPath: m_RootOrder
      value: 2
      objectReference: {fileID: 0}
    m_RemovedComponents: []
  m_SourcePrefab: {fileID: 100100000, guid: d50d1b7196cac9347b8ede2bc2327677, type: 3}
--- !u!4 &1751709908 stripped
Transform:
  m_CorrespondingSourceObject: {fileID: 4792553538533990, guid: d50d1b7196cac9347b8ede2bc2327677,
    type: 3}
  m_PrefabInstance: {fileID: 1751709907}
  m_PrefabAsset: {fileID: 0}
--- !u!1001 &1879475250
PrefabInstance:
  m_ObjectHideFlags: 0
  serializedVersion: 2
  m_Modification:
    m_TransformParent: {fileID: 1199188452}
    m_Modifications:
    - target: {fileID: 1777424294477136, guid: 79d779433f4014344aafaba426f9cc88, type: 3}
      propertyPath: m_Name
      value: LevelBlock
      objectReference: {fileID: 0}
    - target: {fileID: 4939291082442900, guid: 79d779433f4014344aafaba426f9cc88, type: 3}
      propertyPath: m_LocalPosition.x
      value: 1
      objectReference: {fileID: 0}
    - target: {fileID: 4939291082442900, guid: 79d779433f4014344aafaba426f9cc88, type: 3}
      propertyPath: m_LocalPosition.y
      value: 0
      objectReference: {fileID: 0}
    - target: {fileID: 4939291082442900, guid: 79d779433f4014344aafaba426f9cc88, type: 3}
      propertyPath: m_LocalPosition.z
      value: 0
      objectReference: {fileID: 0}
    - target: {fileID: 4939291082442900, guid: 79d779433f4014344aafaba426f9cc88, type: 3}
      propertyPath: m_LocalRotation.x
      value: -0
      objectReference: {fileID: 0}
    - target: {fileID: 4939291082442900, guid: 79d779433f4014344aafaba426f9cc88, type: 3}
      propertyPath: m_LocalRotation.y
      value: -0
      objectReference: {fileID: 0}
    - target: {fileID: 4939291082442900, guid: 79d779433f4014344aafaba426f9cc88, type: 3}
      propertyPath: m_LocalRotation.z
      value: -0
      objectReference: {fileID: 0}
    - target: {fileID: 4939291082442900, guid: 79d779433f4014344aafaba426f9cc88, type: 3}
      propertyPath: m_LocalRotation.w
      value: 1
      objectReference: {fileID: 0}
    - target: {fileID: 4939291082442900, guid: 79d779433f4014344aafaba426f9cc88, type: 3}
      propertyPath: m_RootOrder
      value: 21
      objectReference: {fileID: 0}
    m_RemovedComponents: []
  m_SourcePrefab: {fileID: 100100000, guid: 79d779433f4014344aafaba426f9cc88, type: 3}
--- !u!4 &1879475251 stripped
Transform:
  m_CorrespondingSourceObject: {fileID: 4939291082442900, guid: 79d779433f4014344aafaba426f9cc88,
    type: 3}
  m_PrefabInstance: {fileID: 1879475250}
  m_PrefabAsset: {fileID: 0}
--- !u!1001 &1930717516
PrefabInstance:
  m_ObjectHideFlags: 0
  serializedVersion: 2
  m_Modification:
    m_TransformParent: {fileID: 1199188452}
    m_Modifications:
    - target: {fileID: 1777424294477136, guid: 79d779433f4014344aafaba426f9cc88, type: 3}
      propertyPath: m_Name
      value: LevelBlock
      objectReference: {fileID: 0}
    - target: {fileID: 4939291082442900, guid: 79d779433f4014344aafaba426f9cc88, type: 3}
      propertyPath: m_LocalPosition.x
      value: -2
      objectReference: {fileID: 0}
    - target: {fileID: 4939291082442900, guid: 79d779433f4014344aafaba426f9cc88, type: 3}
      propertyPath: m_LocalPosition.y
      value: 0
      objectReference: {fileID: 0}
    - target: {fileID: 4939291082442900, guid: 79d779433f4014344aafaba426f9cc88, type: 3}
      propertyPath: m_LocalPosition.z
      value: -2
      objectReference: {fileID: 0}
    - target: {fileID: 4939291082442900, guid: 79d779433f4014344aafaba426f9cc88, type: 3}
      propertyPath: m_LocalRotation.x
      value: -0
      objectReference: {fileID: 0}
    - target: {fileID: 4939291082442900, guid: 79d779433f4014344aafaba426f9cc88, type: 3}
      propertyPath: m_LocalRotation.y
      value: -0
      objectReference: {fileID: 0}
    - target: {fileID: 4939291082442900, guid: 79d779433f4014344aafaba426f9cc88, type: 3}
      propertyPath: m_LocalRotation.z
      value: -0
      objectReference: {fileID: 0}
    - target: {fileID: 4939291082442900, guid: 79d779433f4014344aafaba426f9cc88, type: 3}
      propertyPath: m_LocalRotation.w
      value: 1
      objectReference: {fileID: 0}
    - target: {fileID: 4939291082442900, guid: 79d779433f4014344aafaba426f9cc88, type: 3}
      propertyPath: m_RootOrder
      value: 23
      objectReference: {fileID: 0}
    m_RemovedComponents: []
  m_SourcePrefab: {fileID: 100100000, guid: 79d779433f4014344aafaba426f9cc88, type: 3}
--- !u!4 &1930717517 stripped
Transform:
  m_CorrespondingSourceObject: {fileID: 4939291082442900, guid: 79d779433f4014344aafaba426f9cc88,
    type: 3}
  m_PrefabInstance: {fileID: 1930717516}
  m_PrefabAsset: {fileID: 0}
--- !u!1001 &1961688439
PrefabInstance:
  m_ObjectHideFlags: 0
  serializedVersion: 2
  m_Modification:
    m_TransformParent: {fileID: 1199188452}
    m_Modifications:
    - target: {fileID: 1874387761681704, guid: d50d1b7196cac9347b8ede2bc2327677, type: 3}
      propertyPath: m_Name
      value: JumpBlock
      objectReference: {fileID: 0}
    - target: {fileID: 4792553538533990, guid: d50d1b7196cac9347b8ede2bc2327677, type: 3}
      propertyPath: m_LocalPosition.x
      value: 0
      objectReference: {fileID: 0}
    - target: {fileID: 4792553538533990, guid: d50d1b7196cac9347b8ede2bc2327677, type: 3}
      propertyPath: m_LocalPosition.y
      value: 0
      objectReference: {fileID: 0}
    - target: {fileID: 4792553538533990, guid: d50d1b7196cac9347b8ede2bc2327677, type: 3}
      propertyPath: m_LocalPosition.z
      value: -2
      objectReference: {fileID: 0}
    - target: {fileID: 4792553538533990, guid: d50d1b7196cac9347b8ede2bc2327677, type: 3}
      propertyPath: m_LocalRotation.x
      value: -0
      objectReference: {fileID: 0}
    - target: {fileID: 4792553538533990, guid: d50d1b7196cac9347b8ede2bc2327677, type: 3}
      propertyPath: m_LocalRotation.y
      value: -0
      objectReference: {fileID: 0}
    - target: {fileID: 4792553538533990, guid: d50d1b7196cac9347b8ede2bc2327677, type: 3}
      propertyPath: m_LocalRotation.z
      value: -0
      objectReference: {fileID: 0}
    - target: {fileID: 4792553538533990, guid: d50d1b7196cac9347b8ede2bc2327677, type: 3}
      propertyPath: m_LocalRotation.w
      value: 1
      objectReference: {fileID: 0}
    - target: {fileID: 4792553538533990, guid: d50d1b7196cac9347b8ede2bc2327677, type: 3}
      propertyPath: m_RootOrder
      value: 16
      objectReference: {fileID: 0}
    m_RemovedComponents: []
  m_SourcePrefab: {fileID: 100100000, guid: d50d1b7196cac9347b8ede2bc2327677, type: 3}
--- !u!4 &1961688440 stripped
Transform:
  m_CorrespondingSourceObject: {fileID: 4792553538533990, guid: d50d1b7196cac9347b8ede2bc2327677,
    type: 3}
  m_PrefabInstance: {fileID: 1961688439}
  m_PrefabAsset: {fileID: 0}
--- !u!1001 &2090185140
PrefabInstance:
  m_ObjectHideFlags: 0
  serializedVersion: 2
  m_Modification:
    m_TransformParent: {fileID: 1199188452}
    m_Modifications:
    - target: {fileID: 1874387761681704, guid: d50d1b7196cac9347b8ede2bc2327677, type: 3}
      propertyPath: m_Name
      value: JumpBlock
      objectReference: {fileID: 0}
    - target: {fileID: 4792553538533990, guid: d50d1b7196cac9347b8ede2bc2327677, type: 3}
      propertyPath: m_LocalPosition.x
      value: 0
      objectReference: {fileID: 0}
    - target: {fileID: 4792553538533990, guid: d50d1b7196cac9347b8ede2bc2327677, type: 3}
      propertyPath: m_LocalPosition.y
      value: 0
      objectReference: {fileID: 0}
    - target: {fileID: 4792553538533990, guid: d50d1b7196cac9347b8ede2bc2327677, type: 3}
      propertyPath: m_LocalPosition.z
      value: 2
      objectReference: {fileID: 0}
    - target: {fileID: 4792553538533990, guid: d50d1b7196cac9347b8ede2bc2327677, type: 3}
      propertyPath: m_LocalRotation.x
      value: -0
      objectReference: {fileID: 0}
    - target: {fileID: 4792553538533990, guid: d50d1b7196cac9347b8ede2bc2327677, type: 3}
      propertyPath: m_LocalRotation.y
      value: -0
      objectReference: {fileID: 0}
    - target: {fileID: 4792553538533990, guid: d50d1b7196cac9347b8ede2bc2327677, type: 3}
      propertyPath: m_LocalRotation.z
      value: -0
      objectReference: {fileID: 0}
    - target: {fileID: 4792553538533990, guid: d50d1b7196cac9347b8ede2bc2327677, type: 3}
      propertyPath: m_LocalRotation.w
      value: 1
      objectReference: {fileID: 0}
    - target: {fileID: 4792553538533990, guid: d50d1b7196cac9347b8ede2bc2327677, type: 3}
      propertyPath: m_RootOrder
      value: 1
      objectReference: {fileID: 0}
    m_RemovedComponents: []
  m_SourcePrefab: {fileID: 100100000, guid: d50d1b7196cac9347b8ede2bc2327677, type: 3}
--- !u!4 &2090185141 stripped
Transform:
  m_CorrespondingSourceObject: {fileID: 4792553538533990, guid: d50d1b7196cac9347b8ede2bc2327677,
    type: 3}
  m_PrefabInstance: {fileID: 2090185140}
  m_PrefabAsset: {fileID: 0}
