%YAML 1.1
%TAG !u! tag:unity3d.com,2011:
--- !u!29 &1
OcclusionCullingSettings:
  m_ObjectHideFlags: 0
  serializedVersion: 2
  m_OcclusionBakeSettings:
    smallestOccluder: 5
    smallestHole: 0.25
    backfaceThreshold: 100
  m_SceneGUID: 00000000000000000000000000000000
  m_OcclusionCullingData: {fileID: 0}
--- !u!104 &2
RenderSettings:
  m_ObjectHideFlags: 0
  serializedVersion: 9
  m_Fog: 0
  m_FogColor: {r: 0.5, g: 0.5, b: 0.5, a: 1}
  m_FogMode: 3
  m_FogDensity: 0.01
  m_LinearFogStart: 0
  m_LinearFogEnd: 300
  m_AmbientSkyColor: {r: 0.212, g: 0.227, b: 0.259, a: 1}
  m_AmbientEquatorColor: {r: 0.114, g: 0.125, b: 0.133, a: 1}
  m_AmbientGroundColor: {r: 0.047, g: 0.043, b: 0.035, a: 1}
  m_AmbientIntensity: 8
  m_AmbientMode: 0
  m_SubtractiveShadowColor: {r: 0.42, g: 0.478, b: 0.627, a: 1}
  m_SkyboxMaterial: {fileID: 2100000, guid: 2d056ac30ecc9e542b26e06133f23602, type: 2}
  m_HaloStrength: 0.5
  m_FlareStrength: 1
  m_FlareFadeSpeed: 3
  m_HaloTexture: {fileID: 0}
  m_SpotCookie: {fileID: 10001, guid: 0000000000000000e000000000000000, type: 0}
  m_DefaultReflectionMode: 0
  m_DefaultReflectionResolution: 128
  m_ReflectionBounces: 1
  m_ReflectionIntensity: 1
  m_CustomReflection: {fileID: 0}
  m_Sun: {fileID: 0}
  m_IndirectSpecularColor: {r: 0.016090982, g: 0.01466979, b: 0.013826404, a: 1}
  m_UseRadianceAmbientProbe: 0
--- !u!157 &3
LightmapSettings:
  m_ObjectHideFlags: 0
  serializedVersion: 11
  m_GIWorkflowMode: 0
  m_GISettings:
    serializedVersion: 2
    m_BounceScale: 1
    m_IndirectOutputScale: 1
    m_AlbedoBoost: 1
    m_EnvironmentLightingMode: 0
    m_EnableBakedLightmaps: 1
    m_EnableRealtimeLightmaps: 1
  m_LightmapEditorSettings:
    serializedVersion: 12
    m_Resolution: 2
    m_BakeResolution: 40
    m_AtlasSize: 1024
    m_AO: 0
    m_AOMaxDistance: 1
    m_CompAOExponent: 1
    m_CompAOExponentDirect: 0
    m_ExtractAmbientOcclusion: 0
    m_Padding: 2
    m_LightmapParameters: {fileID: 0}
    m_LightmapsBakeMode: 1
    m_TextureCompression: 1
    m_FinalGather: 0
    m_FinalGatherFiltering: 1
    m_FinalGatherRayCount: 256
    m_ReflectionCompression: 2
    m_MixedBakeMode: 2
    m_BakeBackend: 1
    m_PVRSampling: 1
    m_PVRDirectSampleCount: 32
    m_PVRSampleCount: 512
    m_PVRBounces: 2
    m_PVREnvironmentSampleCount: 256
    m_PVREnvironmentReferencePointCount: 2048
    m_PVRFilteringMode: 1
    m_PVRDenoiserTypeDirect: 1
    m_PVRDenoiserTypeIndirect: 1
    m_PVRDenoiserTypeAO: 1
    m_PVRFilterTypeDirect: 0
    m_PVRFilterTypeIndirect: 0
    m_PVRFilterTypeAO: 0
    m_PVREnvironmentMIS: 1
    m_PVRCulling: 1
    m_PVRFilteringGaussRadiusDirect: 1
    m_PVRFilteringGaussRadiusIndirect: 5
    m_PVRFilteringGaussRadiusAO: 2
    m_PVRFilteringAtrousPositionSigmaDirect: 0.5
    m_PVRFilteringAtrousPositionSigmaIndirect: 2
    m_PVRFilteringAtrousPositionSigmaAO: 1
    m_ExportTrainingData: 0
    m_TrainingDataDestination: TrainingData
    m_LightProbeSampleCountMultiplier: 4
  m_LightingDataAsset: {fileID: 0}
  m_UseShadowmask: 1
--- !u!196 &4
NavMeshSettings:
  serializedVersion: 2
  m_ObjectHideFlags: 0
  m_BuildSettings:
    serializedVersion: 2
    agentTypeID: 0
    agentRadius: 0.5
    agentHeight: 2
    agentSlope: 45
    agentClimb: 0.4
    ledgeDropHeight: 0
    maxJumpAcrossDistance: 0
    minRegionArea: 2
    manualCellSize: 0
    cellSize: 0.16666667
    manualTileSize: 0
    tileSize: 256
    accuratePlacement: 0
    debug:
      m_Flags: 0
  m_NavMeshData: {fileID: 0}
--- !u!1001 &53106442
PrefabInstance:
  m_ObjectHideFlags: 0
  serializedVersion: 2
  m_Modification:
    m_TransformParent: {fileID: 1664473654}
    m_Modifications:
    - target: {fileID: 1777424294477136, guid: 79d779433f4014344aafaba426f9cc88, type: 3}
      propertyPath: m_Name
      value: LevelBlock
      objectReference: {fileID: 0}
    - target: {fileID: 4939291082442900, guid: 79d779433f4014344aafaba426f9cc88, type: 3}
      propertyPath: m_LocalPosition.x
      value: 2
      objectReference: {fileID: 0}
    - target: {fileID: 4939291082442900, guid: 79d779433f4014344aafaba426f9cc88, type: 3}
      propertyPath: m_LocalPosition.y
      value: 0
      objectReference: {fileID: 0}
    - target: {fileID: 4939291082442900, guid: 79d779433f4014344aafaba426f9cc88, type: 3}
      propertyPath: m_LocalPosition.z
      value: 0
      objectReference: {fileID: 0}
    - target: {fileID: 4939291082442900, guid: 79d779433f4014344aafaba426f9cc88, type: 3}
      propertyPath: m_LocalRotation.x
      value: -0
      objectReference: {fileID: 0}
    - target: {fileID: 4939291082442900, guid: 79d779433f4014344aafaba426f9cc88, type: 3}
      propertyPath: m_LocalRotation.y
      value: -0
      objectReference: {fileID: 0}
    - target: {fileID: 4939291082442900, guid: 79d779433f4014344aafaba426f9cc88, type: 3}
      propertyPath: m_LocalRotation.z
      value: -0
      objectReference: {fileID: 0}
    - target: {fileID: 4939291082442900, guid: 79d779433f4014344aafaba426f9cc88, type: 3}
      propertyPath: m_LocalRotation.w
      value: 1
      objectReference: {fileID: 0}
    - target: {fileID: 4939291082442900, guid: 79d779433f4014344aafaba426f9cc88, type: 3}
      propertyPath: m_RootOrder
      value: 4
      objectReference: {fileID: 0}
    m_RemovedComponents: []
  m_SourcePrefab: {fileID: 100100000, guid: 79d779433f4014344aafaba426f9cc88, type: 3}
--- !u!4 &53106443 stripped
Transform:
  m_CorrespondingSourceObject: {fileID: 4939291082442900, guid: 79d779433f4014344aafaba426f9cc88,
    type: 3}
  m_PrefabInstance: {fileID: 53106442}
  m_PrefabAsset: {fileID: 0}
--- !u!1001 &232156837
PrefabInstance:
  m_ObjectHideFlags: 0
  serializedVersion: 2
  m_Modification:
    m_TransformParent: {fileID: 1664473654}
    m_Modifications:
    - target: {fileID: 1777424294477136, guid: 79d779433f4014344aafaba426f9cc88, type: 3}
      propertyPath: m_Name
      value: LevelBlock
      objectReference: {fileID: 0}
    - target: {fileID: 4939291082442900, guid: 79d779433f4014344aafaba426f9cc88, type: 3}
      propertyPath: m_LocalPosition.x
      value: 2
      objectReference: {fileID: 0}
    - target: {fileID: 4939291082442900, guid: 79d779433f4014344aafaba426f9cc88, type: 3}
      propertyPath: m_LocalPosition.y
      value: 0
      objectReference: {fileID: 0}
    - target: {fileID: 4939291082442900, guid: 79d779433f4014344aafaba426f9cc88, type: 3}
      propertyPath: m_LocalPosition.z
      value: 1
      objectReference: {fileID: 0}
    - target: {fileID: 4939291082442900, guid: 79d779433f4014344aafaba426f9cc88, type: 3}
      propertyPath: m_LocalRotation.x
      value: -0
      objectReference: {fileID: 0}
    - target: {fileID: 4939291082442900, guid: 79d779433f4014344aafaba426f9cc88, type: 3}
      propertyPath: m_LocalRotation.y
      value: -0
      objectReference: {fileID: 0}
    - target: {fileID: 4939291082442900, guid: 79d779433f4014344aafaba426f9cc88, type: 3}
      propertyPath: m_LocalRotation.z
      value: -0
      objectReference: {fileID: 0}
    - target: {fileID: 4939291082442900, guid: 79d779433f4014344aafaba426f9cc88, type: 3}
      propertyPath: m_LocalRotation.w
      value: 1
      objectReference: {fileID: 0}
    - target: {fileID: 4939291082442900, guid: 79d779433f4014344aafaba426f9cc88, type: 3}
      propertyPath: m_RootOrder
      value: 13
      objectReference: {fileID: 0}
    m_RemovedComponents: []
  m_SourcePrefab: {fileID: 100100000, guid: 79d779433f4014344aafaba426f9cc88, type: 3}
--- !u!4 &232156838 stripped
Transform:
  m_CorrespondingSourceObject: {fileID: 4939291082442900, guid: 79d779433f4014344aafaba426f9cc88,
    type: 3}
  m_PrefabInstance: {fileID: 232156837}
  m_PrefabAsset: {fileID: 0}
--- !u!1001 &351900390
PrefabInstance:
  m_ObjectHideFlags: 0
  serializedVersion: 2
  m_Modification:
    m_TransformParent: {fileID: 1664473654}
    m_Modifications:
    - target: {fileID: 1777424294477136, guid: 79d779433f4014344aafaba426f9cc88, type: 3}
      propertyPath: m_Name
      value: LevelBlock
      objectReference: {fileID: 0}
    - target: {fileID: 4939291082442900, guid: 79d779433f4014344aafaba426f9cc88, type: 3}
      propertyPath: m_LocalPosition.x
      value: -3
      objectReference: {fileID: 0}
    - target: {fileID: 4939291082442900, guid: 79d779433f4014344aafaba426f9cc88, type: 3}
      propertyPath: m_LocalPosition.y
      value: 0
      objectReference: {fileID: 0}
    - target: {fileID: 4939291082442900, guid: 79d779433f4014344aafaba426f9cc88, type: 3}
      propertyPath: m_LocalPosition.z
      value: 1
      objectReference: {fileID: 0}
    - target: {fileID: 4939291082442900, guid: 79d779433f4014344aafaba426f9cc88, type: 3}
      propertyPath: m_LocalRotation.x
      value: -0
      objectReference: {fileID: 0}
    - target: {fileID: 4939291082442900, guid: 79d779433f4014344aafaba426f9cc88, type: 3}
      propertyPath: m_LocalRotation.y
      value: -0
      objectReference: {fileID: 0}
    - target: {fileID: 4939291082442900, guid: 79d779433f4014344aafaba426f9cc88, type: 3}
      propertyPath: m_LocalRotation.z
      value: -0
      objectReference: {fileID: 0}
    - target: {fileID: 4939291082442900, guid: 79d779433f4014344aafaba426f9cc88, type: 3}
      propertyPath: m_LocalRotation.w
      value: 1
      objectReference: {fileID: 0}
    - target: {fileID: 4939291082442900, guid: 79d779433f4014344aafaba426f9cc88, type: 3}
      propertyPath: m_RootOrder
      value: 18
      objectReference: {fileID: 0}
    m_RemovedComponents: []
  m_SourcePrefab: {fileID: 100100000, guid: 79d779433f4014344aafaba426f9cc88, type: 3}
--- !u!4 &351900391 stripped
Transform:
  m_CorrespondingSourceObject: {fileID: 4939291082442900, guid: 79d779433f4014344aafaba426f9cc88,
    type: 3}
  m_PrefabInstance: {fileID: 351900390}
  m_PrefabAsset: {fileID: 0}
--- !u!1001 &533203129
PrefabInstance:
  m_ObjectHideFlags: 0
  serializedVersion: 2
  m_Modification:
    m_TransformParent: {fileID: 1664473654}
    m_Modifications:
    - target: {fileID: 1777424294477136, guid: 79d779433f4014344aafaba426f9cc88, type: 3}
      propertyPath: m_Name
      value: LevelBlock
      objectReference: {fileID: 0}
    - target: {fileID: 4939291082442900, guid: 79d779433f4014344aafaba426f9cc88, type: 3}
      propertyPath: m_LocalPosition.x
      value: 1
      objectReference: {fileID: 0}
    - target: {fileID: 4939291082442900, guid: 79d779433f4014344aafaba426f9cc88, type: 3}
      propertyPath: m_LocalPosition.y
      value: 0
      objectReference: {fileID: 0}
    - target: {fileID: 4939291082442900, guid: 79d779433f4014344aafaba426f9cc88, type: 3}
      propertyPath: m_LocalPosition.z
      value: -3
      objectReference: {fileID: 0}
    - target: {fileID: 4939291082442900, guid: 79d779433f4014344aafaba426f9cc88, type: 3}
      propertyPath: m_LocalRotation.x
      value: -0
      objectReference: {fileID: 0}
    - target: {fileID: 4939291082442900, guid: 79d779433f4014344aafaba426f9cc88, type: 3}
      propertyPath: m_LocalRotation.y
      value: -0
      objectReference: {fileID: 0}
    - target: {fileID: 4939291082442900, guid: 79d779433f4014344aafaba426f9cc88, type: 3}
      propertyPath: m_LocalRotation.z
      value: -0
      objectReference: {fileID: 0}
    - target: {fileID: 4939291082442900, guid: 79d779433f4014344aafaba426f9cc88, type: 3}
      propertyPath: m_LocalRotation.w
      value: 1
      objectReference: {fileID: 0}
    - target: {fileID: 4939291082442900, guid: 79d779433f4014344aafaba426f9cc88, type: 3}
      propertyPath: m_RootOrder
      value: 26
      objectReference: {fileID: 0}
    m_RemovedComponents: []
  m_SourcePrefab: {fileID: 100100000, guid: 79d779433f4014344aafaba426f9cc88, type: 3}
--- !u!4 &533203130 stripped
Transform:
  m_CorrespondingSourceObject: {fileID: 4939291082442900, guid: 79d779433f4014344aafaba426f9cc88,
    type: 3}
  m_PrefabInstance: {fileID: 533203129}
  m_PrefabAsset: {fileID: 0}
--- !u!1001 &547175686
PrefabInstance:
  m_ObjectHideFlags: 0
  serializedVersion: 2
  m_Modification:
    m_TransformParent: {fileID: 1664473654}
    m_Modifications:
    - target: {fileID: 4939291082442900, guid: 79d779433f4014344aafaba426f9cc88, type: 3}
      propertyPath: m_LocalPosition.x
      value: 0
      objectReference: {fileID: 0}
    - target: {fileID: 4939291082442900, guid: 79d779433f4014344aafaba426f9cc88, type: 3}
      propertyPath: m_LocalPosition.y
      value: 0
      objectReference: {fileID: 0}
    - target: {fileID: 4939291082442900, guid: 79d779433f4014344aafaba426f9cc88, type: 3}
      propertyPath: m_LocalPosition.z
      value: 0
      objectReference: {fileID: 0}
    - target: {fileID: 4939291082442900, guid: 79d779433f4014344aafaba426f9cc88, type: 3}
      propertyPath: m_LocalRotation.x
      value: -0
      objectReference: {fileID: 0}
    - target: {fileID: 4939291082442900, guid: 79d779433f4014344aafaba426f9cc88, type: 3}
      propertyPath: m_LocalRotation.y
      value: -0
      objectReference: {fileID: 0}
    - target: {fileID: 4939291082442900, guid: 79d779433f4014344aafaba426f9cc88, type: 3}
      propertyPath: m_LocalRotation.z
      value: -0
      objectReference: {fileID: 0}
    - target: {fileID: 4939291082442900, guid: 79d779433f4014344aafaba426f9cc88, type: 3}
      propertyPath: m_LocalRotation.w
      value: 1
      objectReference: {fileID: 0}
    - target: {fileID: 4939291082442900, guid: 79d779433f4014344aafaba426f9cc88, type: 3}
      propertyPath: m_RootOrder
      value: 0
      objectReference: {fileID: 0}
    m_RemovedComponents: []
  m_SourcePrefab: {fileID: 100100000, guid: 79d779433f4014344aafaba426f9cc88, type: 3}
--- !u!4 &547175687 stripped
Transform:
  m_CorrespondingSourceObject: {fileID: 4939291082442900, guid: 79d779433f4014344aafaba426f9cc88,
    type: 3}
  m_PrefabInstance: {fileID: 547175686}
  m_PrefabAsset: {fileID: 0}
--- !u!1001 &572318108
PrefabInstance:
  m_ObjectHideFlags: 0
  serializedVersion: 2
  m_Modification:
    m_TransformParent: {fileID: 1664473654}
    m_Modifications:
    - target: {fileID: 1777424294477136, guid: 79d779433f4014344aafaba426f9cc88, type: 3}
      propertyPath: m_Name
      value: LevelBlock
      objectReference: {fileID: 0}
    - target: {fileID: 4939291082442900, guid: 79d779433f4014344aafaba426f9cc88, type: 3}
      propertyPath: m_LocalPosition.x
      value: -3
      objectReference: {fileID: 0}
    - target: {fileID: 4939291082442900, guid: 79d779433f4014344aafaba426f9cc88, type: 3}
      propertyPath: m_LocalPosition.y
      value: 0
      objectReference: {fileID: 0}
    - target: {fileID: 4939291082442900, guid: 79d779433f4014344aafaba426f9cc88, type: 3}
      propertyPath: m_LocalPosition.z
      value: -2
      objectReference: {fileID: 0}
    - target: {fileID: 4939291082442900, guid: 79d779433f4014344aafaba426f9cc88, type: 3}
      propertyPath: m_LocalRotation.x
      value: -0
      objectReference: {fileID: 0}
    - target: {fileID: 4939291082442900, guid: 79d779433f4014344aafaba426f9cc88, type: 3}
      propertyPath: m_LocalRotation.y
      value: -0
      objectReference: {fileID: 0}
    - target: {fileID: 4939291082442900, guid: 79d779433f4014344aafaba426f9cc88, type: 3}
      propertyPath: m_LocalRotation.z
      value: -0
      objectReference: {fileID: 0}
    - target: {fileID: 4939291082442900, guid: 79d779433f4014344aafaba426f9cc88, type: 3}
      propertyPath: m_LocalRotation.w
      value: 1
      objectReference: {fileID: 0}
    - target: {fileID: 4939291082442900, guid: 79d779433f4014344aafaba426f9cc88, type: 3}
      propertyPath: m_RootOrder
      value: 21
      objectReference: {fileID: 0}
    - target: {fileID: 4939291082442900, guid: 79d779433f4014344aafaba426f9cc88, type: 3}
      propertyPath: m_LocalEulerAnglesHint.x
      value: 0
      objectReference: {fileID: 0}
    - target: {fileID: 4939291082442900, guid: 79d779433f4014344aafaba426f9cc88, type: 3}
      propertyPath: m_LocalEulerAnglesHint.y
      value: 0
      objectReference: {fileID: 0}
    - target: {fileID: 4939291082442900, guid: 79d779433f4014344aafaba426f9cc88, type: 3}
      propertyPath: m_LocalEulerAnglesHint.z
      value: 0
      objectReference: {fileID: 0}
    m_RemovedComponents: []
  m_SourcePrefab: {fileID: 100100000, guid: 79d779433f4014344aafaba426f9cc88, type: 3}
--- !u!4 &572318109 stripped
Transform:
  m_CorrespondingSourceObject: {fileID: 4939291082442900, guid: 79d779433f4014344aafaba426f9cc88,
    type: 3}
  m_PrefabInstance: {fileID: 572318108}
  m_PrefabAsset: {fileID: 0}
--- !u!1001 &609493078
PrefabInstance:
  m_ObjectHideFlags: 0
  serializedVersion: 2
  m_Modification:
    m_TransformParent: {fileID: 0}
    m_Modifications:
    - target: {fileID: 1414402924287894, guid: 651a59f7572ecec4093337240a976ff1, type: 3}
      propertyPath: m_Name
      value: Directional Light
      objectReference: {fileID: 0}
    - target: {fileID: 4720863894126692, guid: 651a59f7572ecec4093337240a976ff1, type: 3}
      propertyPath: m_LocalPosition.x
      value: 0
      objectReference: {fileID: 0}
    - target: {fileID: 4720863894126692, guid: 651a59f7572ecec4093337240a976ff1, type: 3}
      propertyPath: m_LocalPosition.y
      value: 3
      objectReference: {fileID: 0}
    - target: {fileID: 4720863894126692, guid: 651a59f7572ecec4093337240a976ff1, type: 3}
      propertyPath: m_LocalPosition.z
      value: 0
      objectReference: {fileID: 0}
    - target: {fileID: 4720863894126692, guid: 651a59f7572ecec4093337240a976ff1, type: 3}
      propertyPath: m_LocalRotation.x
      value: 0.7071068
      objectReference: {fileID: 0}
    - target: {fileID: 4720863894126692, guid: 651a59f7572ecec4093337240a976ff1, type: 3}
      propertyPath: m_LocalRotation.y
      value: 0
      objectReference: {fileID: 0}
    - target: {fileID: 4720863894126692, guid: 651a59f7572ecec4093337240a976ff1, type: 3}
      propertyPath: m_LocalRotation.z
      value: 0
      objectReference: {fileID: 0}
    - target: {fileID: 4720863894126692, guid: 651a59f7572ecec4093337240a976ff1, type: 3}
      propertyPath: m_LocalRotation.w
      value: 0.7071068
      objectReference: {fileID: 0}
    - target: {fileID: 4720863894126692, guid: 651a59f7572ecec4093337240a976ff1, type: 3}
      propertyPath: m_RootOrder
      value: 3
      objectReference: {fileID: 0}
    - target: {fileID: 4720863894126692, guid: 651a59f7572ecec4093337240a976ff1, type: 3}
      propertyPath: m_LocalEulerAnglesHint.x
      value: 90
      objectReference: {fileID: 0}
    - target: {fileID: 4720863894126692, guid: 651a59f7572ecec4093337240a976ff1, type: 3}
      propertyPath: m_LocalEulerAnglesHint.y
      value: 0
      objectReference: {fileID: 0}
    - target: {fileID: 4720863894126692, guid: 651a59f7572ecec4093337240a976ff1, type: 3}
      propertyPath: m_LocalEulerAnglesHint.z
      value: 0
      objectReference: {fileID: 0}
    m_RemovedComponents: []
  m_SourcePrefab: {fileID: 100100000, guid: 651a59f7572ecec4093337240a976ff1, type: 3}
--- !u!1001 &761317206
PrefabInstance:
  m_ObjectHideFlags: 0
  serializedVersion: 2
  m_Modification:
    m_TransformParent: {fileID: 0}
    m_Modifications:
    - target: {fileID: 5160681186242877697, guid: cf6990341251d5d4190711bb357c6a18,
        type: 3}
      propertyPath: m_OnClick.m_PersistentCalls.m_Calls.Array.data[0].m_Target
      value: 
      objectReference: {fileID: 867811109}
    - target: {fileID: 5160681186242877697, guid: cf6990341251d5d4190711bb357c6a18,
        type: 3}
      propertyPath: m_OnClick.m_PersistentCalls.m_Calls.Array.data[0].m_MethodName
      value: ChangeZoom
      objectReference: {fileID: 0}
    - target: {fileID: 5997791356043943032, guid: cf6990341251d5d4190711bb357c6a18,
        type: 3}
      propertyPath: m_OnClick.m_PersistentCalls.m_Calls.Array.data[0].m_Target
      value: 
      objectReference: {fileID: 867811109}
    - target: {fileID: 5997791356043943032, guid: cf6990341251d5d4190711bb357c6a18,
        type: 3}
      propertyPath: m_OnClick.m_PersistentCalls.m_Calls.Array.data[0].m_MethodName
      value: ChangeAngle
      objectReference: {fileID: 0}
    - target: {fileID: 6726398704894913485, guid: cf6990341251d5d4190711bb357c6a18,
        type: 3}
      propertyPath: m_LocalPosition.x
      value: 0
      objectReference: {fileID: 0}
    - target: {fileID: 6726398704894913485, guid: cf6990341251d5d4190711bb357c6a18,
        type: 3}
      propertyPath: m_LocalPosition.y
      value: 0
      objectReference: {fileID: 0}
    - target: {fileID: 6726398704894913485, guid: cf6990341251d5d4190711bb357c6a18,
        type: 3}
      propertyPath: m_LocalPosition.z
      value: 0
      objectReference: {fileID: 0}
    - target: {fileID: 6726398704894913485, guid: cf6990341251d5d4190711bb357c6a18,
        type: 3}
      propertyPath: m_LocalRotation.x
      value: 0
      objectReference: {fileID: 0}
    - target: {fileID: 6726398704894913485, guid: cf6990341251d5d4190711bb357c6a18,
        type: 3}
      propertyPath: m_LocalRotation.y
      value: 0
      objectReference: {fileID: 0}
    - target: {fileID: 6726398704894913485, guid: cf6990341251d5d4190711bb357c6a18,
        type: 3}
      propertyPath: m_LocalRotation.z
      value: 0
      objectReference: {fileID: 0}
    - target: {fileID: 6726398704894913485, guid: cf6990341251d5d4190711bb357c6a18,
        type: 3}
      propertyPath: m_LocalRotation.w
      value: 1
      objectReference: {fileID: 0}
    - target: {fileID: 6726398704894913485, guid: cf6990341251d5d4190711bb357c6a18,
        type: 3}
      propertyPath: m_RootOrder
      value: 4
      objectReference: {fileID: 0}
    - target: {fileID: 6726398704894913485, guid: cf6990341251d5d4190711bb357c6a18,
        type: 3}
      propertyPath: m_LocalEulerAnglesHint.x
      value: 0
      objectReference: {fileID: 0}
    - target: {fileID: 6726398704894913485, guid: cf6990341251d5d4190711bb357c6a18,
        type: 3}
      propertyPath: m_LocalEulerAnglesHint.y
      value: 0
      objectReference: {fileID: 0}
    - target: {fileID: 6726398704894913485, guid: cf6990341251d5d4190711bb357c6a18,
        type: 3}
      propertyPath: m_LocalEulerAnglesHint.z
      value: 0
      objectReference: {fileID: 0}
    - target: {fileID: 6726398704894913485, guid: cf6990341251d5d4190711bb357c6a18,
        type: 3}
      propertyPath: m_AnchoredPosition.x
      value: 0
      objectReference: {fileID: 0}
    - target: {fileID: 6726398704894913485, guid: cf6990341251d5d4190711bb357c6a18,
        type: 3}
      propertyPath: m_AnchoredPosition.y
      value: 0
      objectReference: {fileID: 0}
    - target: {fileID: 6726398704894913485, guid: cf6990341251d5d4190711bb357c6a18,
        type: 3}
      propertyPath: m_SizeDelta.x
      value: 0
      objectReference: {fileID: 0}
    - target: {fileID: 6726398704894913485, guid: cf6990341251d5d4190711bb357c6a18,
        type: 3}
      propertyPath: m_SizeDelta.y
      value: 0
      objectReference: {fileID: 0}
    - target: {fileID: 6726398704894913485, guid: cf6990341251d5d4190711bb357c6a18,
        type: 3}
      propertyPath: m_AnchorMin.x
      value: 0
      objectReference: {fileID: 0}
    - target: {fileID: 6726398704894913485, guid: cf6990341251d5d4190711bb357c6a18,
        type: 3}
      propertyPath: m_AnchorMin.y
      value: 0
      objectReference: {fileID: 0}
    - target: {fileID: 6726398704894913485, guid: cf6990341251d5d4190711bb357c6a18,
        type: 3}
      propertyPath: m_AnchorMax.x
      value: 0
      objectReference: {fileID: 0}
    - target: {fileID: 6726398704894913485, guid: cf6990341251d5d4190711bb357c6a18,
        type: 3}
      propertyPath: m_AnchorMax.y
      value: 0
      objectReference: {fileID: 0}
    - target: {fileID: 6726398704894913485, guid: cf6990341251d5d4190711bb357c6a18,
        type: 3}
      propertyPath: m_Pivot.x
      value: 0
      objectReference: {fileID: 0}
    - target: {fileID: 6726398704894913485, guid: cf6990341251d5d4190711bb357c6a18,
        type: 3}
      propertyPath: m_Pivot.y
      value: 0
      objectReference: {fileID: 0}
    - target: {fileID: 6791714026297822673, guid: cf6990341251d5d4190711bb357c6a18,
        type: 3}
      propertyPath: m_Name
      value: GameCanvas
      objectReference: {fileID: 0}
    m_RemovedComponents: []
  m_SourcePrefab: {fileID: 100100000, guid: cf6990341251d5d4190711bb357c6a18, type: 3}
--- !u!1001 &847941979
PrefabInstance:
  m_ObjectHideFlags: 0
  serializedVersion: 2
  m_Modification:
    m_TransformParent: {fileID: 1664473654}
    m_Modifications:
    - target: {fileID: 1777424294477136, guid: 79d779433f4014344aafaba426f9cc88, type: 3}
      propertyPath: m_Name
      value: LevelBlock
      objectReference: {fileID: 0}
    - target: {fileID: 4939291082442900, guid: 79d779433f4014344aafaba426f9cc88, type: 3}
      propertyPath: m_LocalPosition.x
      value: -2
      objectReference: {fileID: 0}
    - target: {fileID: 4939291082442900, guid: 79d779433f4014344aafaba426f9cc88, type: 3}
      propertyPath: m_LocalPosition.y
      value: 0
      objectReference: {fileID: 0}
    - target: {fileID: 4939291082442900, guid: 79d779433f4014344aafaba426f9cc88, type: 3}
      propertyPath: m_LocalPosition.z
      value: -2
      objectReference: {fileID: 0}
    - target: {fileID: 4939291082442900, guid: 79d779433f4014344aafaba426f9cc88, type: 3}
      propertyPath: m_LocalRotation.x
      value: -0
      objectReference: {fileID: 0}
    - target: {fileID: 4939291082442900, guid: 79d779433f4014344aafaba426f9cc88, type: 3}
      propertyPath: m_LocalRotation.y
      value: -0
      objectReference: {fileID: 0}
    - target: {fileID: 4939291082442900, guid: 79d779433f4014344aafaba426f9cc88, type: 3}
      propertyPath: m_LocalRotation.z
      value: -0
      objectReference: {fileID: 0}
    - target: {fileID: 4939291082442900, guid: 79d779433f4014344aafaba426f9cc88, type: 3}
      propertyPath: m_LocalRotation.w
      value: 1
      objectReference: {fileID: 0}
    - target: {fileID: 4939291082442900, guid: 79d779433f4014344aafaba426f9cc88, type: 3}
      propertyPath: m_RootOrder
      value: 11
      objectReference: {fileID: 0}
    m_RemovedComponents: []
  m_SourcePrefab: {fileID: 100100000, guid: 79d779433f4014344aafaba426f9cc88, type: 3}
--- !u!4 &847941980 stripped
Transform:
  m_CorrespondingSourceObject: {fileID: 4939291082442900, guid: 79d779433f4014344aafaba426f9cc88,
    type: 3}
  m_PrefabInstance: {fileID: 847941979}
  m_PrefabAsset: {fileID: 0}
--- !u!1001 &852468042
PrefabInstance:
  m_ObjectHideFlags: 0
  serializedVersion: 2
  m_Modification:
    m_TransformParent: {fileID: 1664473654}
    m_Modifications:
    - target: {fileID: 1777424294477136, guid: 79d779433f4014344aafaba426f9cc88, type: 3}
      propertyPath: m_Name
      value: LevelBlock
      objectReference: {fileID: 0}
    - target: {fileID: 4939291082442900, guid: 79d779433f4014344aafaba426f9cc88, type: 3}
      propertyPath: m_LocalPosition.x
      value: 1
      objectReference: {fileID: 0}
    - target: {fileID: 4939291082442900, guid: 79d779433f4014344aafaba426f9cc88, type: 3}
      propertyPath: m_LocalPosition.y
      value: 0
      objectReference: {fileID: 0}
    - target: {fileID: 4939291082442900, guid: 79d779433f4014344aafaba426f9cc88, type: 3}
      propertyPath: m_LocalPosition.z
      value: -2
      objectReference: {fileID: 0}
    - target: {fileID: 4939291082442900, guid: 79d779433f4014344aafaba426f9cc88, type: 3}
      propertyPath: m_LocalRotation.x
      value: -0
      objectReference: {fileID: 0}
    - target: {fileID: 4939291082442900, guid: 79d779433f4014344aafaba426f9cc88, type: 3}
      propertyPath: m_LocalRotation.y
      value: -0
      objectReference: {fileID: 0}
    - target: {fileID: 4939291082442900, guid: 79d779433f4014344aafaba426f9cc88, type: 3}
      propertyPath: m_LocalRotation.z
      value: -0
      objectReference: {fileID: 0}
    - target: {fileID: 4939291082442900, guid: 79d779433f4014344aafaba426f9cc88, type: 3}
      propertyPath: m_LocalRotation.w
      value: 1
      objectReference: {fileID: 0}
    - target: {fileID: 4939291082442900, guid: 79d779433f4014344aafaba426f9cc88, type: 3}
      propertyPath: m_RootOrder
      value: 7
      objectReference: {fileID: 0}
    m_RemovedComponents: []
  m_SourcePrefab: {fileID: 100100000, guid: 79d779433f4014344aafaba426f9cc88, type: 3}
--- !u!4 &852468043 stripped
Transform:
  m_CorrespondingSourceObject: {fileID: 4939291082442900, guid: 79d779433f4014344aafaba426f9cc88,
    type: 3}
  m_PrefabInstance: {fileID: 852468042}
  m_PrefabAsset: {fileID: 0}
--- !u!1001 &862356434
PrefabInstance:
  m_ObjectHideFlags: 0
  serializedVersion: 2
  m_Modification:
    m_TransformParent: {fileID: 1664473654}
    m_Modifications:
    - target: {fileID: 1777424294477136, guid: 79d779433f4014344aafaba426f9cc88, type: 3}
      propertyPath: m_Name
      value: LevelBlock
      objectReference: {fileID: 0}
    - target: {fileID: 4939291082442900, guid: 79d779433f4014344aafaba426f9cc88, type: 3}
      propertyPath: m_LocalPosition.x
      value: -1
      objectReference: {fileID: 0}
    - target: {fileID: 4939291082442900, guid: 79d779433f4014344aafaba426f9cc88, type: 3}
      propertyPath: m_LocalPosition.y
      value: 0
      objectReference: {fileID: 0}
    - target: {fileID: 4939291082442900, guid: 79d779433f4014344aafaba426f9cc88, type: 3}
      propertyPath: m_LocalPosition.z
      value: -4
      objectReference: {fileID: 0}
    - target: {fileID: 4939291082442900, guid: 79d779433f4014344aafaba426f9cc88, type: 3}
      propertyPath: m_LocalRotation.x
      value: -0
      objectReference: {fileID: 0}
    - target: {fileID: 4939291082442900, guid: 79d779433f4014344aafaba426f9cc88, type: 3}
      propertyPath: m_LocalRotation.y
      value: -0
      objectReference: {fileID: 0}
    - target: {fileID: 4939291082442900, guid: 79d779433f4014344aafaba426f9cc88, type: 3}
      propertyPath: m_LocalRotation.z
      value: -0
      objectReference: {fileID: 0}
    - target: {fileID: 4939291082442900, guid: 79d779433f4014344aafaba426f9cc88, type: 3}
      propertyPath: m_LocalRotation.w
      value: 1
      objectReference: {fileID: 0}
    - target: {fileID: 4939291082442900, guid: 79d779433f4014344aafaba426f9cc88, type: 3}
      propertyPath: m_RootOrder
      value: 27
      objectReference: {fileID: 0}
    m_RemovedComponents: []
  m_SourcePrefab: {fileID: 100100000, guid: 79d779433f4014344aafaba426f9cc88, type: 3}
--- !u!4 &862356435 stripped
Transform:
  m_CorrespondingSourceObject: {fileID: 4939291082442900, guid: 79d779433f4014344aafaba426f9cc88,
    type: 3}
  m_PrefabInstance: {fileID: 862356434}
  m_PrefabAsset: {fileID: 0}
--- !u!1001 &867811108
PrefabInstance:
  m_ObjectHideFlags: 0
  serializedVersion: 2
  m_Modification:
    m_TransformParent: {fileID: 0}
    m_Modifications:
    - target: {fileID: 3231641994419765884, guid: cf3beffe578e9934c86d2cd87f1e1657,
        type: 3}
      propertyPath: m_Name
      value: LevelCamera
      objectReference: {fileID: 0}
    - target: {fileID: 3231641994419765887, guid: cf3beffe578e9934c86d2cd87f1e1657,
        type: 3}
      propertyPath: m_LocalPosition.x
      value: 0
      objectReference: {fileID: 0}
    - target: {fileID: 3231641994419765887, guid: cf3beffe578e9934c86d2cd87f1e1657,
        type: 3}
      propertyPath: m_LocalPosition.y
      value: 5
      objectReference: {fileID: 0}
    - target: {fileID: 3231641994419765887, guid: cf3beffe578e9934c86d2cd87f1e1657,
        type: 3}
      propertyPath: m_LocalPosition.z
      value: -5
      objectReference: {fileID: 0}
    - target: {fileID: 3231641994419765887, guid: cf3beffe578e9934c86d2cd87f1e1657,
        type: 3}
      propertyPath: m_LocalRotation.x
      value: 0.38268346
      objectReference: {fileID: 0}
    - target: {fileID: 3231641994419765887, guid: cf3beffe578e9934c86d2cd87f1e1657,
        type: 3}
      propertyPath: m_LocalRotation.y
      value: -0
      objectReference: {fileID: 0}
    - target: {fileID: 3231641994419765887, guid: cf3beffe578e9934c86d2cd87f1e1657,
        type: 3}
      propertyPath: m_LocalRotation.z
      value: -0
      objectReference: {fileID: 0}
    - target: {fileID: 3231641994419765887, guid: cf3beffe578e9934c86d2cd87f1e1657,
        type: 3}
      propertyPath: m_LocalRotation.w
      value: 0.9238796
      objectReference: {fileID: 0}
    - target: {fileID: 3231641994419765887, guid: cf3beffe578e9934c86d2cd87f1e1657,
        type: 3}
      propertyPath: m_RootOrder
      value: 5
      objectReference: {fileID: 0}
    - target: {fileID: 3231641994419765887, guid: cf3beffe578e9934c86d2cd87f1e1657,
        type: 3}
      propertyPath: m_LocalEulerAnglesHint.x
      value: 45
      objectReference: {fileID: 0}
    - target: {fileID: 3231641994419765887, guid: cf3beffe578e9934c86d2cd87f1e1657,
        type: 3}
      propertyPath: m_LocalEulerAnglesHint.y
      value: -90
      objectReference: {fileID: 0}
    - target: {fileID: 3231641994419765887, guid: cf3beffe578e9934c86d2cd87f1e1657,
        type: 3}
      propertyPath: m_LocalEulerAnglesHint.z
      value: 0
      objectReference: {fileID: 0}
    m_RemovedComponents: []
  m_SourcePrefab: {fileID: 100100000, guid: cf3beffe578e9934c86d2cd87f1e1657, type: 3}
--- !u!114 &867811109 stripped
MonoBehaviour:
  m_CorrespondingSourceObject: {fileID: 3231641994419765856, guid: cf3beffe578e9934c86d2cd87f1e1657,
    type: 3}
  m_PrefabInstance: {fileID: 867811108}
  m_PrefabAsset: {fileID: 0}
  m_GameObject: {fileID: 0}
  m_Enabled: 1
  m_EditorHideFlags: 0
  m_Script: {fileID: 11500000, guid: a419ed70ce6a8dc4db83514381dcfd4c, type: 3}
  m_Name: 
  m_EditorClassIdentifier: 
--- !u!1001 &874584773
PrefabInstance:
  m_ObjectHideFlags: 0
  serializedVersion: 2
  m_Modification:
    m_TransformParent: {fileID: 1664473654}
    m_Modifications:
    - target: {fileID: 1777424294477136, guid: 79d779433f4014344aafaba426f9cc88, type: 3}
      propertyPath: m_Name
      value: LevelBlock
      objectReference: {fileID: 0}
    - target: {fileID: 4939291082442900, guid: 79d779433f4014344aafaba426f9cc88, type: 3}
      propertyPath: m_LocalPosition.x
      value: -2
      objectReference: {fileID: 0}
    - target: {fileID: 4939291082442900, guid: 79d779433f4014344aafaba426f9cc88, type: 3}
      propertyPath: m_LocalPosition.y
      value: 0
      objectReference: {fileID: 0}
    - target: {fileID: 4939291082442900, guid: 79d779433f4014344aafaba426f9cc88, type: 3}
      propertyPath: m_LocalPosition.z
      value: 2
      objectReference: {fileID: 0}
    - target: {fileID: 4939291082442900, guid: 79d779433f4014344aafaba426f9cc88, type: 3}
      propertyPath: m_LocalRotation.x
      value: -0
      objectReference: {fileID: 0}
    - target: {fileID: 4939291082442900, guid: 79d779433f4014344aafaba426f9cc88, type: 3}
      propertyPath: m_LocalRotation.y
      value: -0
      objectReference: {fileID: 0}
    - target: {fileID: 4939291082442900, guid: 79d779433f4014344aafaba426f9cc88, type: 3}
      propertyPath: m_LocalRotation.z
      value: -0
      objectReference: {fileID: 0}
    - target: {fileID: 4939291082442900, guid: 79d779433f4014344aafaba426f9cc88, type: 3}
      propertyPath: m_LocalRotation.w
      value: 1
      objectReference: {fileID: 0}
    - target: {fileID: 4939291082442900, guid: 79d779433f4014344aafaba426f9cc88, type: 3}
      propertyPath: m_RootOrder
      value: 14
      objectReference: {fileID: 0}
    - target: {fileID: 4939291082442900, guid: 79d779433f4014344aafaba426f9cc88, type: 3}
      propertyPath: m_LocalEulerAnglesHint.x
      value: 0
      objectReference: {fileID: 0}
    - target: {fileID: 4939291082442900, guid: 79d779433f4014344aafaba426f9cc88, type: 3}
      propertyPath: m_LocalEulerAnglesHint.y
      value: 0
      objectReference: {fileID: 0}
    - target: {fileID: 4939291082442900, guid: 79d779433f4014344aafaba426f9cc88, type: 3}
      propertyPath: m_LocalEulerAnglesHint.z
      value: 0
      objectReference: {fileID: 0}
    m_RemovedComponents: []
  m_SourcePrefab: {fileID: 100100000, guid: 79d779433f4014344aafaba426f9cc88, type: 3}
--- !u!4 &874584774 stripped
Transform:
  m_CorrespondingSourceObject: {fileID: 4939291082442900, guid: 79d779433f4014344aafaba426f9cc88,
    type: 3}
  m_PrefabInstance: {fileID: 874584773}
  m_PrefabAsset: {fileID: 0}
--- !u!1001 &890233361
PrefabInstance:
  m_ObjectHideFlags: 0
  serializedVersion: 2
  m_Modification:
    m_TransformParent: {fileID: 1664473654}
    m_Modifications:
    - target: {fileID: 1777424294477136, guid: 79d779433f4014344aafaba426f9cc88, type: 3}
      propertyPath: m_Name
      value: LevelBlock
      objectReference: {fileID: 0}
    - target: {fileID: 4939291082442900, guid: 79d779433f4014344aafaba426f9cc88, type: 3}
      propertyPath: m_LocalPosition.x
      value: -3
      objectReference: {fileID: 0}
    - target: {fileID: 4939291082442900, guid: 79d779433f4014344aafaba426f9cc88, type: 3}
      propertyPath: m_LocalPosition.y
      value: 0
      objectReference: {fileID: 0}
    - target: {fileID: 4939291082442900, guid: 79d779433f4014344aafaba426f9cc88, type: 3}
      propertyPath: m_LocalPosition.z
      value: -3
      objectReference: {fileID: 0}
    - target: {fileID: 4939291082442900, guid: 79d779433f4014344aafaba426f9cc88, type: 3}
      propertyPath: m_LocalRotation.x
      value: -0
      objectReference: {fileID: 0}
    - target: {fileID: 4939291082442900, guid: 79d779433f4014344aafaba426f9cc88, type: 3}
      propertyPath: m_LocalRotation.y
      value: -0
      objectReference: {fileID: 0}
    - target: {fileID: 4939291082442900, guid: 79d779433f4014344aafaba426f9cc88, type: 3}
      propertyPath: m_LocalRotation.z
      value: -0
      objectReference: {fileID: 0}
    - target: {fileID: 4939291082442900, guid: 79d779433f4014344aafaba426f9cc88, type: 3}
      propertyPath: m_LocalRotation.w
      value: 1
      objectReference: {fileID: 0}
    - target: {fileID: 4939291082442900, guid: 79d779433f4014344aafaba426f9cc88, type: 3}
      propertyPath: m_RootOrder
      value: 22
      objectReference: {fileID: 0}
    m_RemovedComponents: []
  m_SourcePrefab: {fileID: 100100000, guid: 79d779433f4014344aafaba426f9cc88, type: 3}
--- !u!4 &890233362 stripped
Transform:
  m_CorrespondingSourceObject: {fileID: 4939291082442900, guid: 79d779433f4014344aafaba426f9cc88,
    type: 3}
  m_PrefabInstance: {fileID: 890233361}
  m_PrefabAsset: {fileID: 0}
--- !u!1001 &922886920
PrefabInstance:
  m_ObjectHideFlags: 0
  serializedVersion: 2
  m_Modification:
    m_TransformParent: {fileID: 1664473654}
    m_Modifications:
    - target: {fileID: 1777424294477136, guid: 79d779433f4014344aafaba426f9cc88, type: 3}
      propertyPath: m_Name
      value: LevelBlock
      objectReference: {fileID: 0}
    - target: {fileID: 4939291082442900, guid: 79d779433f4014344aafaba426f9cc88, type: 3}
      propertyPath: m_LocalPosition.x
      value: 2
      objectReference: {fileID: 0}
    - target: {fileID: 4939291082442900, guid: 79d779433f4014344aafaba426f9cc88, type: 3}
      propertyPath: m_LocalPosition.y
      value: 0
      objectReference: {fileID: 0}
    - target: {fileID: 4939291082442900, guid: 79d779433f4014344aafaba426f9cc88, type: 3}
      propertyPath: m_LocalPosition.z
      value: -1
      objectReference: {fileID: 0}
    - target: {fileID: 4939291082442900, guid: 79d779433f4014344aafaba426f9cc88, type: 3}
      propertyPath: m_LocalRotation.x
      value: -0
      objectReference: {fileID: 0}
    - target: {fileID: 4939291082442900, guid: 79d779433f4014344aafaba426f9cc88, type: 3}
      propertyPath: m_LocalRotation.y
      value: -0
      objectReference: {fileID: 0}
    - target: {fileID: 4939291082442900, guid: 79d779433f4014344aafaba426f9cc88, type: 3}
      propertyPath: m_LocalRotation.z
      value: -0
      objectReference: {fileID: 0}
    - target: {fileID: 4939291082442900, guid: 79d779433f4014344aafaba426f9cc88, type: 3}
      propertyPath: m_LocalRotation.w
      value: 1
      objectReference: {fileID: 0}
    - target: {fileID: 4939291082442900, guid: 79d779433f4014344aafaba426f9cc88, type: 3}
      propertyPath: m_RootOrder
      value: 5
      objectReference: {fileID: 0}
    m_RemovedComponents: []
  m_SourcePrefab: {fileID: 100100000, guid: 79d779433f4014344aafaba426f9cc88, type: 3}
--- !u!4 &922886921 stripped
Transform:
  m_CorrespondingSourceObject: {fileID: 4939291082442900, guid: 79d779433f4014344aafaba426f9cc88,
    type: 3}
  m_PrefabInstance: {fileID: 922886920}
  m_PrefabAsset: {fileID: 0}
--- !u!1001 &1277195220
PrefabInstance:
  m_ObjectHideFlags: 0
  serializedVersion: 2
  m_Modification:
    m_TransformParent: {fileID: 1664473654}
    m_Modifications:
    - target: {fileID: 1777424294477136, guid: 79d779433f4014344aafaba426f9cc88, type: 3}
      propertyPath: m_Name
      value: LevelBlock
      objectReference: {fileID: 0}
    - target: {fileID: 4939291082442900, guid: 79d779433f4014344aafaba426f9cc88, type: 3}
      propertyPath: m_LocalPosition.x
      value: -1
      objectReference: {fileID: 0}
    - target: {fileID: 4939291082442900, guid: 79d779433f4014344aafaba426f9cc88, type: 3}
      propertyPath: m_LocalPosition.y
      value: 0
      objectReference: {fileID: 0}
    - target: {fileID: 4939291082442900, guid: 79d779433f4014344aafaba426f9cc88, type: 3}
      propertyPath: m_LocalPosition.z
      value: 2
      objectReference: {fileID: 0}
    - target: {fileID: 4939291082442900, guid: 79d779433f4014344aafaba426f9cc88, type: 3}
      propertyPath: m_LocalRotation.x
      value: -0
      objectReference: {fileID: 0}
    - target: {fileID: 4939291082442900, guid: 79d779433f4014344aafaba426f9cc88, type: 3}
      propertyPath: m_LocalRotation.y
      value: -0
      objectReference: {fileID: 0}
    - target: {fileID: 4939291082442900, guid: 79d779433f4014344aafaba426f9cc88, type: 3}
      propertyPath: m_LocalRotation.z
      value: -0
      objectReference: {fileID: 0}
    - target: {fileID: 4939291082442900, guid: 79d779433f4014344aafaba426f9cc88, type: 3}
      propertyPath: m_LocalRotation.w
      value: 1
      objectReference: {fileID: 0}
    - target: {fileID: 4939291082442900, guid: 79d779433f4014344aafaba426f9cc88, type: 3}
      propertyPath: m_RootOrder
      value: 3
      objectReference: {fileID: 0}
    m_RemovedComponents: []
  m_SourcePrefab: {fileID: 100100000, guid: 79d779433f4014344aafaba426f9cc88, type: 3}
--- !u!4 &1277195221 stripped
Transform:
  m_CorrespondingSourceObject: {fileID: 4939291082442900, guid: 79d779433f4014344aafaba426f9cc88,
    type: 3}
  m_PrefabInstance: {fileID: 1277195220}
  m_PrefabAsset: {fileID: 0}
--- !u!1001 &1347460524
PrefabInstance:
  m_ObjectHideFlags: 0
  serializedVersion: 2
  m_Modification:
    m_TransformParent: {fileID: 0}
    m_Modifications:
    - target: {fileID: 1147752367711628, guid: 2abf19653d633114faedf3b60dc6c39f, type: 3}
      propertyPath: m_Name
      value: Player
      objectReference: {fileID: 0}
    - target: {fileID: 4268597916284530, guid: 2abf19653d633114faedf3b60dc6c39f, type: 3}
      propertyPath: m_LocalPosition.x
      value: 0
      objectReference: {fileID: 0}
    - target: {fileID: 4268597916284530, guid: 2abf19653d633114faedf3b60dc6c39f, type: 3}
      propertyPath: m_LocalPosition.y
      value: 0.55
      objectReference: {fileID: 0}
    - target: {fileID: 4268597916284530, guid: 2abf19653d633114faedf3b60dc6c39f, type: 3}
      propertyPath: m_LocalPosition.z
      value: 0
      objectReference: {fileID: 0}
    - target: {fileID: 4268597916284530, guid: 2abf19653d633114faedf3b60dc6c39f, type: 3}
      propertyPath: m_LocalRotation.x
      value: 0
      objectReference: {fileID: 0}
    - target: {fileID: 4268597916284530, guid: 2abf19653d633114faedf3b60dc6c39f, type: 3}
      propertyPath: m_LocalRotation.y
      value: 0
      objectReference: {fileID: 0}
    - target: {fileID: 4268597916284530, guid: 2abf19653d633114faedf3b60dc6c39f, type: 3}
      propertyPath: m_LocalRotation.z
      value: 0
      objectReference: {fileID: 0}
    - target: {fileID: 4268597916284530, guid: 2abf19653d633114faedf3b60dc6c39f, type: 3}
      propertyPath: m_LocalRotation.w
      value: 1
      objectReference: {fileID: 0}
    - target: {fileID: 4268597916284530, guid: 2abf19653d633114faedf3b60dc6c39f, type: 3}
      propertyPath: m_RootOrder
      value: 1
      objectReference: {fileID: 0}
    - target: {fileID: 4268597916284530, guid: 2abf19653d633114faedf3b60dc6c39f, type: 3}
      propertyPath: m_LocalEulerAnglesHint.x
      value: 0
      objectReference: {fileID: 0}
    - target: {fileID: 4268597916284530, guid: 2abf19653d633114faedf3b60dc6c39f, type: 3}
      propertyPath: m_LocalEulerAnglesHint.y
      value: 0
      objectReference: {fileID: 0}
    - target: {fileID: 4268597916284530, guid: 2abf19653d633114faedf3b60dc6c39f, type: 3}
      propertyPath: m_LocalEulerAnglesHint.z
      value: 0
      objectReference: {fileID: 0}
    m_RemovedComponents: []
  m_SourcePrefab: {fileID: 100100000, guid: 2abf19653d633114faedf3b60dc6c39f, type: 3}
--- !u!1001 &1357680140
PrefabInstance:
  m_ObjectHideFlags: 0
  serializedVersion: 2
  m_Modification:
    m_TransformParent: {fileID: 1664473654}
    m_Modifications:
    - target: {fileID: 1777424294477136, guid: 79d779433f4014344aafaba426f9cc88, type: 3}
      propertyPath: m_Name
      value: LevelBlock
      objectReference: {fileID: 0}
    - target: {fileID: 4939291082442900, guid: 79d779433f4014344aafaba426f9cc88, type: 3}
      propertyPath: m_LocalPosition.x
      value: 0
      objectReference: {fileID: 0}
    - target: {fileID: 4939291082442900, guid: 79d779433f4014344aafaba426f9cc88, type: 3}
      propertyPath: m_LocalPosition.y
      value: 0
      objectReference: {fileID: 0}
    - target: {fileID: 4939291082442900, guid: 79d779433f4014344aafaba426f9cc88, type: 3}
      propertyPath: m_LocalPosition.z
      value: -2
      objectReference: {fileID: 0}
    - target: {fileID: 4939291082442900, guid: 79d779433f4014344aafaba426f9cc88, type: 3}
      propertyPath: m_LocalRotation.x
      value: -0
      objectReference: {fileID: 0}
    - target: {fileID: 4939291082442900, guid: 79d779433f4014344aafaba426f9cc88, type: 3}
      propertyPath: m_LocalRotation.y
      value: -0
      objectReference: {fileID: 0}
    - target: {fileID: 4939291082442900, guid: 79d779433f4014344aafaba426f9cc88, type: 3}
      propertyPath: m_LocalRotation.z
      value: -0
      objectReference: {fileID: 0}
    - target: {fileID: 4939291082442900, guid: 79d779433f4014344aafaba426f9cc88, type: 3}
      propertyPath: m_LocalRotation.w
      value: 1
      objectReference: {fileID: 0}
    - target: {fileID: 4939291082442900, guid: 79d779433f4014344aafaba426f9cc88, type: 3}
      propertyPath: m_RootOrder
      value: 8
      objectReference: {fileID: 0}
    m_RemovedComponents: []
  m_SourcePrefab: {fileID: 100100000, guid: 79d779433f4014344aafaba426f9cc88, type: 3}
--- !u!4 &1357680141 stripped
Transform:
  m_CorrespondingSourceObject: {fileID: 4939291082442900, guid: 79d779433f4014344aafaba426f9cc88,
    type: 3}
  m_PrefabInstance: {fileID: 1357680140}
  m_PrefabAsset: {fileID: 0}
--- !u!1001 &1361871332
PrefabInstance:
  m_ObjectHideFlags: 0
  serializedVersion: 2
  m_Modification:
    m_TransformParent: {fileID: 1664473654}
    m_Modifications:
    - target: {fileID: 1777424294477136, guid: 79d779433f4014344aafaba426f9cc88, type: 3}
      propertyPath: m_Name
      value: LevelBlock
      objectReference: {fileID: 0}
    - target: {fileID: 4939291082442900, guid: 79d779433f4014344aafaba426f9cc88, type: 3}
      propertyPath: m_LocalPosition.x
      value: -3
      objectReference: {fileID: 0}
    - target: {fileID: 4939291082442900, guid: 79d779433f4014344aafaba426f9cc88, type: 3}
      propertyPath: m_LocalPosition.y
      value: 0
      objectReference: {fileID: 0}
    - target: {fileID: 4939291082442900, guid: 79d779433f4014344aafaba426f9cc88, type: 3}
      propertyPath: m_LocalPosition.z
      value: 2
      objectReference: {fileID: 0}
    - target: {fileID: 4939291082442900, guid: 79d779433f4014344aafaba426f9cc88, type: 3}
      propertyPath: m_LocalRotation.x
      value: -0
      objectReference: {fileID: 0}
    - target: {fileID: 4939291082442900, guid: 79d779433f4014344aafaba426f9cc88, type: 3}
      propertyPath: m_LocalRotation.y
      value: -0
      objectReference: {fileID: 0}
    - target: {fileID: 4939291082442900, guid: 79d779433f4014344aafaba426f9cc88, type: 3}
      propertyPath: m_LocalRotation.z
      value: -0
      objectReference: {fileID: 0}
    - target: {fileID: 4939291082442900, guid: 79d779433f4014344aafaba426f9cc88, type: 3}
      propertyPath: m_LocalRotation.w
      value: 1
      objectReference: {fileID: 0}
    - target: {fileID: 4939291082442900, guid: 79d779433f4014344aafaba426f9cc88, type: 3}
      propertyPath: m_RootOrder
      value: 16
      objectReference: {fileID: 0}
    m_RemovedComponents: []
  m_SourcePrefab: {fileID: 100100000, guid: 79d779433f4014344aafaba426f9cc88, type: 3}
--- !u!4 &1361871333 stripped
Transform:
  m_CorrespondingSourceObject: {fileID: 4939291082442900, guid: 79d779433f4014344aafaba426f9cc88,
    type: 3}
  m_PrefabInstance: {fileID: 1361871332}
  m_PrefabAsset: {fileID: 0}
--- !u!1001 &1420426753
PrefabInstance:
  m_ObjectHideFlags: 0
  serializedVersion: 2
  m_Modification:
    m_TransformParent: {fileID: 1664473654}
    m_Modifications:
    - target: {fileID: 1777424294477136, guid: 79d779433f4014344aafaba426f9cc88, type: 3}
      propertyPath: m_Name
      value: LevelBlock
      objectReference: {fileID: 0}
    - target: {fileID: 4939291082442900, guid: 79d779433f4014344aafaba426f9cc88, type: 3}
      propertyPath: m_LocalPosition.x
      value: 2
      objectReference: {fileID: 0}
    - target: {fileID: 4939291082442900, guid: 79d779433f4014344aafaba426f9cc88, type: 3}
      propertyPath: m_LocalPosition.y
      value: 0
      objectReference: {fileID: 0}
    - target: {fileID: 4939291082442900, guid: 79d779433f4014344aafaba426f9cc88, type: 3}
      propertyPath: m_LocalPosition.z
      value: -2
      objectReference: {fileID: 0}
    - target: {fileID: 4939291082442900, guid: 79d779433f4014344aafaba426f9cc88, type: 3}
      propertyPath: m_LocalRotation.x
      value: -0
      objectReference: {fileID: 0}
    - target: {fileID: 4939291082442900, guid: 79d779433f4014344aafaba426f9cc88, type: 3}
      propertyPath: m_LocalRotation.y
      value: -0
      objectReference: {fileID: 0}
    - target: {fileID: 4939291082442900, guid: 79d779433f4014344aafaba426f9cc88, type: 3}
      propertyPath: m_LocalRotation.z
      value: -0
      objectReference: {fileID: 0}
    - target: {fileID: 4939291082442900, guid: 79d779433f4014344aafaba426f9cc88, type: 3}
      propertyPath: m_LocalRotation.w
      value: 1
      objectReference: {fileID: 0}
    - target: {fileID: 4939291082442900, guid: 79d779433f4014344aafaba426f9cc88, type: 3}
      propertyPath: m_RootOrder
      value: 6
      objectReference: {fileID: 0}
    m_RemovedComponents: []
  m_SourcePrefab: {fileID: 100100000, guid: 79d779433f4014344aafaba426f9cc88, type: 3}
--- !u!4 &1420426754 stripped
Transform:
  m_CorrespondingSourceObject: {fileID: 4939291082442900, guid: 79d779433f4014344aafaba426f9cc88,
    type: 3}
  m_PrefabInstance: {fileID: 1420426753}
  m_PrefabAsset: {fileID: 0}
--- !u!1001 &1432400731
PrefabInstance:
  m_ObjectHideFlags: 0
  serializedVersion: 2
  m_Modification:
    m_TransformParent: {fileID: 1664473654}
    m_Modifications:
    - target: {fileID: 1777424294477136, guid: 79d779433f4014344aafaba426f9cc88, type: 3}
      propertyPath: m_Name
      value: LevelBlock
      objectReference: {fileID: 0}
    - target: {fileID: 4939291082442900, guid: 79d779433f4014344aafaba426f9cc88, type: 3}
      propertyPath: m_LocalPosition.x
      value: 1
      objectReference: {fileID: 0}
    - target: {fileID: 4939291082442900, guid: 79d779433f4014344aafaba426f9cc88, type: 3}
      propertyPath: m_LocalPosition.y
      value: 0
      objectReference: {fileID: 0}
    - target: {fileID: 4939291082442900, guid: 79d779433f4014344aafaba426f9cc88, type: 3}
      propertyPath: m_LocalPosition.z
      value: 1
      objectReference: {fileID: 0}
    - target: {fileID: 4939291082442900, guid: 79d779433f4014344aafaba426f9cc88, type: 3}
      propertyPath: m_LocalRotation.x
      value: -0
      objectReference: {fileID: 0}
    - target: {fileID: 4939291082442900, guid: 79d779433f4014344aafaba426f9cc88, type: 3}
      propertyPath: m_LocalRotation.y
      value: -0
      objectReference: {fileID: 0}
    - target: {fileID: 4939291082442900, guid: 79d779433f4014344aafaba426f9cc88, type: 3}
      propertyPath: m_LocalRotation.z
      value: -0
      objectReference: {fileID: 0}
    - target: {fileID: 4939291082442900, guid: 79d779433f4014344aafaba426f9cc88, type: 3}
      propertyPath: m_LocalRotation.w
      value: 1
      objectReference: {fileID: 0}
    - target: {fileID: 4939291082442900, guid: 79d779433f4014344aafaba426f9cc88, type: 3}
      propertyPath: m_RootOrder
      value: 10
      objectReference: {fileID: 0}
    m_RemovedComponents: []
  m_SourcePrefab: {fileID: 100100000, guid: 79d779433f4014344aafaba426f9cc88, type: 3}
--- !u!4 &1432400732 stripped
Transform:
  m_CorrespondingSourceObject: {fileID: 4939291082442900, guid: 79d779433f4014344aafaba426f9cc88,
    type: 3}
  m_PrefabInstance: {fileID: 1432400731}
  m_PrefabAsset: {fileID: 0}
--- !u!1001 &1474483623
PrefabInstance:
  m_ObjectHideFlags: 0
  serializedVersion: 2
  m_Modification:
    m_TransformParent: {fileID: 1664473654}
    m_Modifications:
    - target: {fileID: 1777424294477136, guid: 79d779433f4014344aafaba426f9cc88, type: 3}
      propertyPath: m_Name
      value: LevelBlock
      objectReference: {fileID: 0}
    - target: {fileID: 4939291082442900, guid: 79d779433f4014344aafaba426f9cc88, type: 3}
      propertyPath: m_LocalPosition.x
      value: -1
      objectReference: {fileID: 0}
    - target: {fileID: 4939291082442900, guid: 79d779433f4014344aafaba426f9cc88, type: 3}
      propertyPath: m_LocalPosition.y
      value: 0
      objectReference: {fileID: 0}
    - target: {fileID: 4939291082442900, guid: 79d779433f4014344aafaba426f9cc88, type: 3}
      propertyPath: m_LocalPosition.z
      value: 1
      objectReference: {fileID: 0}
    - target: {fileID: 4939291082442900, guid: 79d779433f4014344aafaba426f9cc88, type: 3}
      propertyPath: m_LocalRotation.x
      value: -0
      objectReference: {fileID: 0}
    - target: {fileID: 4939291082442900, guid: 79d779433f4014344aafaba426f9cc88, type: 3}
      propertyPath: m_LocalRotation.y
      value: -0
      objectReference: {fileID: 0}
    - target: {fileID: 4939291082442900, guid: 79d779433f4014344aafaba426f9cc88, type: 3}
      propertyPath: m_LocalRotation.z
      value: -0
      objectReference: {fileID: 0}
    - target: {fileID: 4939291082442900, guid: 79d779433f4014344aafaba426f9cc88, type: 3}
      propertyPath: m_LocalRotation.w
      value: 1
      objectReference: {fileID: 0}
    - target: {fileID: 4939291082442900, guid: 79d779433f4014344aafaba426f9cc88, type: 3}
      propertyPath: m_RootOrder
      value: 2
      objectReference: {fileID: 0}
    m_RemovedComponents: []
  m_SourcePrefab: {fileID: 100100000, guid: 79d779433f4014344aafaba426f9cc88, type: 3}
--- !u!4 &1474483624 stripped
Transform:
  m_CorrespondingSourceObject: {fileID: 4939291082442900, guid: 79d779433f4014344aafaba426f9cc88,
    type: 3}
  m_PrefabInstance: {fileID: 1474483623}
  m_PrefabAsset: {fileID: 0}
--- !u!1001 &1499955693
PrefabInstance:
  m_ObjectHideFlags: 0
  serializedVersion: 2
  m_Modification:
    m_TransformParent: {fileID: 1664473654}
    m_Modifications:
    - target: {fileID: 1777424294477136, guid: 79d779433f4014344aafaba426f9cc88, type: 3}
      propertyPath: m_Name
      value: LevelBlock
      objectReference: {fileID: 0}
    - target: {fileID: 4939291082442900, guid: 79d779433f4014344aafaba426f9cc88, type: 3}
      propertyPath: m_LocalPosition.x
      value: -3
      objectReference: {fileID: 0}
    - target: {fileID: 4939291082442900, guid: 79d779433f4014344aafaba426f9cc88, type: 3}
      propertyPath: m_LocalPosition.y
      value: 0
      objectReference: {fileID: 0}
    - target: {fileID: 4939291082442900, guid: 79d779433f4014344aafaba426f9cc88, type: 3}
      propertyPath: m_LocalPosition.z
      value: -1
      objectReference: {fileID: 0}
    - target: {fileID: 4939291082442900, guid: 79d779433f4014344aafaba426f9cc88, type: 3}
      propertyPath: m_LocalRotation.x
      value: -0
      objectReference: {fileID: 0}
    - target: {fileID: 4939291082442900, guid: 79d779433f4014344aafaba426f9cc88, type: 3}
      propertyPath: m_LocalRotation.y
      value: -0
      objectReference: {fileID: 0}
    - target: {fileID: 4939291082442900, guid: 79d779433f4014344aafaba426f9cc88, type: 3}
      propertyPath: m_LocalRotation.z
      value: -0
      objectReference: {fileID: 0}
    - target: {fileID: 4939291082442900, guid: 79d779433f4014344aafaba426f9cc88, type: 3}
      propertyPath: m_LocalRotation.w
      value: 1
      objectReference: {fileID: 0}
    - target: {fileID: 4939291082442900, guid: 79d779433f4014344aafaba426f9cc88, type: 3}
      propertyPath: m_RootOrder
      value: 20
      objectReference: {fileID: 0}
    m_RemovedComponents: []
  m_SourcePrefab: {fileID: 100100000, guid: 79d779433f4014344aafaba426f9cc88, type: 3}
--- !u!4 &1499955694 stripped
Transform:
  m_CorrespondingSourceObject: {fileID: 4939291082442900, guid: 79d779433f4014344aafaba426f9cc88,
    type: 3}
  m_PrefabInstance: {fileID: 1499955693}
  m_PrefabAsset: {fileID: 0}
--- !u!1001 &1555948123
PrefabInstance:
  m_ObjectHideFlags: 0
  serializedVersion: 2
  m_Modification:
    m_TransformParent: {fileID: 1664473654}
    m_Modifications:
    - target: {fileID: 1777424294477136, guid: 79d779433f4014344aafaba426f9cc88, type: 3}
      propertyPath: m_Name
      value: LevelBlock
      objectReference: {fileID: 0}
    - target: {fileID: 4939291082442900, guid: 79d779433f4014344aafaba426f9cc88, type: 3}
      propertyPath: m_LocalPosition.x
      value: -2
      objectReference: {fileID: 0}
    - target: {fileID: 4939291082442900, guid: 79d779433f4014344aafaba426f9cc88, type: 3}
      propertyPath: m_LocalPosition.y
      value: 0
      objectReference: {fileID: 0}
    - target: {fileID: 4939291082442900, guid: 79d779433f4014344aafaba426f9cc88, type: 3}
      propertyPath: m_LocalPosition.z
      value: -4
      objectReference: {fileID: 0}
    - target: {fileID: 4939291082442900, guid: 79d779433f4014344aafaba426f9cc88, type: 3}
      propertyPath: m_LocalRotation.x
      value: -0
      objectReference: {fileID: 0}
    - target: {fileID: 4939291082442900, guid: 79d779433f4014344aafaba426f9cc88, type: 3}
      propertyPath: m_LocalRotation.y
      value: -0
      objectReference: {fileID: 0}
    - target: {fileID: 4939291082442900, guid: 79d779433f4014344aafaba426f9cc88, type: 3}
      propertyPath: m_LocalRotation.z
      value: -0
      objectReference: {fileID: 0}
    - target: {fileID: 4939291082442900, guid: 79d779433f4014344aafaba426f9cc88, type: 3}
      propertyPath: m_LocalRotation.w
      value: 1
      objectReference: {fileID: 0}
    - target: {fileID: 4939291082442900, guid: 79d779433f4014344aafaba426f9cc88, type: 3}
      propertyPath: m_RootOrder
      value: 17
      objectReference: {fileID: 0}
    m_RemovedComponents: []
  m_SourcePrefab: {fileID: 100100000, guid: 79d779433f4014344aafaba426f9cc88, type: 3}
--- !u!4 &1555948124 stripped
Transform:
  m_CorrespondingSourceObject: {fileID: 4939291082442900, guid: 79d779433f4014344aafaba426f9cc88,
    type: 3}
  m_PrefabInstance: {fileID: 1555948123}
  m_PrefabAsset: {fileID: 0}
--- !u!1001 &1588390984
PrefabInstance:
  m_ObjectHideFlags: 0
  serializedVersion: 2
  m_Modification:
    m_TransformParent: {fileID: 1664473654}
    m_Modifications:
    - target: {fileID: 1777424294477136, guid: 79d779433f4014344aafaba426f9cc88, type: 3}
      propertyPath: m_Name
      value: LevelBlock
      objectReference: {fileID: 0}
    - target: {fileID: 4939291082442900, guid: 79d779433f4014344aafaba426f9cc88, type: 3}
      propertyPath: m_LocalPosition.x
      value: -3
      objectReference: {fileID: 0}
    - target: {fileID: 4939291082442900, guid: 79d779433f4014344aafaba426f9cc88, type: 3}
      propertyPath: m_LocalPosition.y
      value: 0
      objectReference: {fileID: 0}
    - target: {fileID: 4939291082442900, guid: 79d779433f4014344aafaba426f9cc88, type: 3}
      propertyPath: m_LocalPosition.z
      value: 0
      objectReference: {fileID: 0}
    - target: {fileID: 4939291082442900, guid: 79d779433f4014344aafaba426f9cc88, type: 3}
      propertyPath: m_LocalRotation.x
      value: -0
      objectReference: {fileID: 0}
    - target: {fileID: 4939291082442900, guid: 79d779433f4014344aafaba426f9cc88, type: 3}
      propertyPath: m_LocalRotation.y
      value: -0
      objectReference: {fileID: 0}
    - target: {fileID: 4939291082442900, guid: 79d779433f4014344aafaba426f9cc88, type: 3}
      propertyPath: m_LocalRotation.z
      value: -0
      objectReference: {fileID: 0}
    - target: {fileID: 4939291082442900, guid: 79d779433f4014344aafaba426f9cc88, type: 3}
      propertyPath: m_LocalRotation.w
      value: 1
      objectReference: {fileID: 0}
    - target: {fileID: 4939291082442900, guid: 79d779433f4014344aafaba426f9cc88, type: 3}
      propertyPath: m_RootOrder
      value: 19
      objectReference: {fileID: 0}
    m_RemovedComponents: []
  m_SourcePrefab: {fileID: 100100000, guid: 79d779433f4014344aafaba426f9cc88, type: 3}
--- !u!4 &1588390985 stripped
Transform:
  m_CorrespondingSourceObject: {fileID: 4939291082442900, guid: 79d779433f4014344aafaba426f9cc88,
    type: 3}
  m_PrefabInstance: {fileID: 1588390984}
  m_PrefabAsset: {fileID: 0}
--- !u!1001 &1626749874
PrefabInstance:
  m_ObjectHideFlags: 0
  serializedVersion: 2
  m_Modification:
    m_TransformParent: {fileID: 1664473654}
    m_Modifications:
    - target: {fileID: 1777424294477136, guid: 79d779433f4014344aafaba426f9cc88, type: 3}
      propertyPath: m_Name
      value: LevelBlock
      objectReference: {fileID: 0}
    - target: {fileID: 4939291082442900, guid: 79d779433f4014344aafaba426f9cc88, type: 3}
      propertyPath: m_LocalPosition.x
      value: 0
      objectReference: {fileID: 0}
    - target: {fileID: 4939291082442900, guid: 79d779433f4014344aafaba426f9cc88, type: 3}
      propertyPath: m_LocalPosition.y
      value: 0
      objectReference: {fileID: 0}
    - target: {fileID: 4939291082442900, guid: 79d779433f4014344aafaba426f9cc88, type: 3}
      propertyPath: m_LocalPosition.z
      value: 1
      objectReference: {fileID: 0}
    - target: {fileID: 4939291082442900, guid: 79d779433f4014344aafaba426f9cc88, type: 3}
      propertyPath: m_LocalRotation.x
      value: -0
      objectReference: {fileID: 0}
    - target: {fileID: 4939291082442900, guid: 79d779433f4014344aafaba426f9cc88, type: 3}
      propertyPath: m_LocalRotation.y
      value: -0
      objectReference: {fileID: 0}
    - target: {fileID: 4939291082442900, guid: 79d779433f4014344aafaba426f9cc88, type: 3}
      propertyPath: m_LocalRotation.z
      value: -0
      objectReference: {fileID: 0}
    - target: {fileID: 4939291082442900, guid: 79d779433f4014344aafaba426f9cc88, type: 3}
      propertyPath: m_LocalRotation.w
      value: 1
      objectReference: {fileID: 0}
    - target: {fileID: 4939291082442900, guid: 79d779433f4014344aafaba426f9cc88, type: 3}
      propertyPath: m_RootOrder
      value: 9
      objectReference: {fileID: 0}
    m_RemovedComponents: []
  m_SourcePrefab: {fileID: 100100000, guid: 79d779433f4014344aafaba426f9cc88, type: 3}
--- !u!4 &1626749875 stripped
Transform:
  m_CorrespondingSourceObject: {fileID: 4939291082442900, guid: 79d779433f4014344aafaba426f9cc88,
    type: 3}
  m_PrefabInstance: {fileID: 1626749874}
  m_PrefabAsset: {fileID: 0}
--- !u!1001 &1646267439
PrefabInstance:
  m_ObjectHideFlags: 0
  serializedVersion: 2
  m_Modification:
    m_TransformParent: {fileID: 1664473654}
    m_Modifications:
    - target: {fileID: 1777424294477136, guid: 79d779433f4014344aafaba426f9cc88, type: 3}
      propertyPath: m_Name
      value: LevelBlock
      objectReference: {fileID: 0}
    - target: {fileID: 4939291082442900, guid: 79d779433f4014344aafaba426f9cc88, type: 3}
      propertyPath: m_LocalPosition.x
      value: -2
      objectReference: {fileID: 0}
    - target: {fileID: 4939291082442900, guid: 79d779433f4014344aafaba426f9cc88, type: 3}
      propertyPath: m_LocalPosition.y
      value: 0
      objectReference: {fileID: 0}
    - target: {fileID: 4939291082442900, guid: 79d779433f4014344aafaba426f9cc88, type: 3}
      propertyPath: m_LocalPosition.z
      value: -3
      objectReference: {fileID: 0}
    - target: {fileID: 4939291082442900, guid: 79d779433f4014344aafaba426f9cc88, type: 3}
      propertyPath: m_LocalRotation.x
      value: -0
      objectReference: {fileID: 0}
    - target: {fileID: 4939291082442900, guid: 79d779433f4014344aafaba426f9cc88, type: 3}
      propertyPath: m_LocalRotation.y
      value: -0
      objectReference: {fileID: 0}
    - target: {fileID: 4939291082442900, guid: 79d779433f4014344aafaba426f9cc88, type: 3}
      propertyPath: m_LocalRotation.z
      value: -0
      objectReference: {fileID: 0}
    - target: {fileID: 4939291082442900, guid: 79d779433f4014344aafaba426f9cc88, type: 3}
      propertyPath: m_LocalRotation.w
      value: 1
      objectReference: {fileID: 0}
    - target: {fileID: 4939291082442900, guid: 79d779433f4014344aafaba426f9cc88, type: 3}
      propertyPath: m_RootOrder
      value: 15
      objectReference: {fileID: 0}
    - target: {fileID: 4939291082442900, guid: 79d779433f4014344aafaba426f9cc88, type: 3}
      propertyPath: m_LocalEulerAnglesHint.x
      value: 0
      objectReference: {fileID: 0}
    - target: {fileID: 4939291082442900, guid: 79d779433f4014344aafaba426f9cc88, type: 3}
      propertyPath: m_LocalEulerAnglesHint.y
      value: 0
      objectReference: {fileID: 0}
    - target: {fileID: 4939291082442900, guid: 79d779433f4014344aafaba426f9cc88, type: 3}
      propertyPath: m_LocalEulerAnglesHint.z
      value: 0
      objectReference: {fileID: 0}
    m_RemovedComponents: []
  m_SourcePrefab: {fileID: 100100000, guid: 79d779433f4014344aafaba426f9cc88, type: 3}
--- !u!4 &1646267440 stripped
Transform:
  m_CorrespondingSourceObject: {fileID: 4939291082442900, guid: 79d779433f4014344aafaba426f9cc88,
    type: 3}
  m_PrefabInstance: {fileID: 1646267439}
  m_PrefabAsset: {fileID: 0}
--- !u!1 &1664473653
GameObject:
  m_ObjectHideFlags: 0
  m_CorrespondingSourceObject: {fileID: 1835731538007752, guid: 5c6d3bc2e70b54f4c91e6bbbd9dce058,
    type: 3}
  m_PrefabInstance: {fileID: 0}
  m_PrefabAsset: {fileID: 0}
  serializedVersion: 6
  m_Component:
  - component: {fileID: 1664473654}
  m_Layer: 0
  m_Name: Level2
  m_TagString: Untagged
  m_Icon: {fileID: 0}
  m_NavMeshLayer: 0
  m_StaticEditorFlags: 0
  m_IsActive: 1
--- !u!4 &1664473654
Transform:
  m_ObjectHideFlags: 0
  m_CorrespondingSourceObject: {fileID: 4495082840425166, guid: 5c6d3bc2e70b54f4c91e6bbbd9dce058,
    type: 3}
  m_PrefabInstance: {fileID: 0}
  m_PrefabAsset: {fileID: 0}
  m_GameObject: {fileID: 1664473653}
  m_LocalRotation: {x: 0, y: 0, z: 0, w: 1}
  m_LocalPosition: {x: 0, y: 0, z: 0}
  m_LocalScale: {x: 1, y: 1, z: 1}
  m_Children:
  - {fileID: 547175687}
  - {fileID: 1910421041}
  - {fileID: 1474483624}
  - {fileID: 1277195221}
  - {fileID: 53106443}
  - {fileID: 922886921}
  - {fileID: 1420426754}
  - {fileID: 852468043}
  - {fileID: 1357680141}
  - {fileID: 1626749875}
  - {fileID: 1432400732}
  - {fileID: 847941980}
  - {fileID: 1676678932}
  - {fileID: 232156838}
  - {fileID: 874584774}
  - {fileID: 1646267440}
  - {fileID: 1361871333}
  - {fileID: 1555948124}
  - {fileID: 351900391}
  - {fileID: 1588390985}
  - {fileID: 1499955694}
  - {fileID: 572318109}
  - {fileID: 890233362}
  - {fileID: 1784525348}
  - {fileID: 1839387735}
  - {fileID: 2085447982}
  - {fileID: 533203130}
  - {fileID: 862356435}
  m_Father: {fileID: 0}
  m_RootOrder: 2
  m_LocalEulerAnglesHint: {x: 0, y: 0, z: 0}
--- !u!1001 &1676678931
PrefabInstance:
  m_ObjectHideFlags: 0
  serializedVersion: 2
  m_Modification:
    m_TransformParent: {fileID: 1664473654}
    m_Modifications:
    - target: {fileID: 1777424294477136, guid: 79d779433f4014344aafaba426f9cc88, type: 3}
      propertyPath: m_Name
      value: LevelBlock
      objectReference: {fileID: 0}
    - target: {fileID: 4939291082442900, guid: 79d779433f4014344aafaba426f9cc88, type: 3}
      propertyPath: m_LocalPosition.x
      value: -1
      objectReference: {fileID: 0}
    - target: {fileID: 4939291082442900, guid: 79d779433f4014344aafaba426f9cc88, type: 3}
      propertyPath: m_LocalPosition.y
      value: 0
      objectReference: {fileID: 0}
    - target: {fileID: 4939291082442900, guid: 79d779433f4014344aafaba426f9cc88, type: 3}
      propertyPath: m_LocalPosition.z
      value: -2
      objectReference: {fileID: 0}
    - target: {fileID: 4939291082442900, guid: 79d779433f4014344aafaba426f9cc88, type: 3}
      propertyPath: m_LocalRotation.x
      value: -0
      objectReference: {fileID: 0}
    - target: {fileID: 4939291082442900, guid: 79d779433f4014344aafaba426f9cc88, type: 3}
      propertyPath: m_LocalRotation.y
      value: -0
      objectReference: {fileID: 0}
    - target: {fileID: 4939291082442900, guid: 79d779433f4014344aafaba426f9cc88, type: 3}
      propertyPath: m_LocalRotation.z
      value: -0
      objectReference: {fileID: 0}
    - target: {fileID: 4939291082442900, guid: 79d779433f4014344aafaba426f9cc88, type: 3}
      propertyPath: m_LocalRotation.w
      value: 1
      objectReference: {fileID: 0}
    - target: {fileID: 4939291082442900, guid: 79d779433f4014344aafaba426f9cc88, type: 3}
      propertyPath: m_RootOrder
      value: 12
      objectReference: {fileID: 0}
    m_RemovedComponents: []
  m_SourcePrefab: {fileID: 100100000, guid: 79d779433f4014344aafaba426f9cc88, type: 3}
--- !u!4 &1676678932 stripped
Transform:
  m_CorrespondingSourceObject: {fileID: 4939291082442900, guid: 79d779433f4014344aafaba426f9cc88,
    type: 3}
  m_PrefabInstance: {fileID: 1676678931}
  m_PrefabAsset: {fileID: 0}
--- !u!1001 &1784525347
PrefabInstance:
  m_ObjectHideFlags: 0
  serializedVersion: 2
  m_Modification:
    m_TransformParent: {fileID: 1664473654}
    m_Modifications:
    - target: {fileID: 1777424294477136, guid: 79d779433f4014344aafaba426f9cc88, type: 3}
      propertyPath: m_Name
      value: LevelBlock
      objectReference: {fileID: 0}
    - target: {fileID: 4939291082442900, guid: 79d779433f4014344aafaba426f9cc88, type: 3}
      propertyPath: m_LocalPosition.x
      value: -3
      objectReference: {fileID: 0}
    - target: {fileID: 4939291082442900, guid: 79d779433f4014344aafaba426f9cc88, type: 3}
      propertyPath: m_LocalPosition.y
      value: 0
      objectReference: {fileID: 0}
    - target: {fileID: 4939291082442900, guid: 79d779433f4014344aafaba426f9cc88, type: 3}
      propertyPath: m_LocalPosition.z
      value: -4
      objectReference: {fileID: 0}
    - target: {fileID: 4939291082442900, guid: 79d779433f4014344aafaba426f9cc88, type: 3}
      propertyPath: m_LocalRotation.x
      value: -0
      objectReference: {fileID: 0}
    - target: {fileID: 4939291082442900, guid: 79d779433f4014344aafaba426f9cc88, type: 3}
      propertyPath: m_LocalRotation.y
      value: -0
      objectReference: {fileID: 0}
    - target: {fileID: 4939291082442900, guid: 79d779433f4014344aafaba426f9cc88, type: 3}
      propertyPath: m_LocalRotation.z
      value: -0
      objectReference: {fileID: 0}
    - target: {fileID: 4939291082442900, guid: 79d779433f4014344aafaba426f9cc88, type: 3}
      propertyPath: m_LocalRotation.w
      value: 1
      objectReference: {fileID: 0}
    - target: {fileID: 4939291082442900, guid: 79d779433f4014344aafaba426f9cc88, type: 3}
      propertyPath: m_RootOrder
      value: 23
      objectReference: {fileID: 0}
    m_RemovedComponents: []
  m_SourcePrefab: {fileID: 100100000, guid: 79d779433f4014344aafaba426f9cc88, type: 3}
--- !u!4 &1784525348 stripped
Transform:
  m_CorrespondingSourceObject: {fileID: 4939291082442900, guid: 79d779433f4014344aafaba426f9cc88,
    type: 3}
  m_PrefabInstance: {fileID: 1784525347}
  m_PrefabAsset: {fileID: 0}
--- !u!1001 &1839387734
PrefabInstance:
  m_ObjectHideFlags: 0
  serializedVersion: 2
  m_Modification:
    m_TransformParent: {fileID: 1664473654}
    m_Modifications:
    - target: {fileID: 1777424294477136, guid: 79d779433f4014344aafaba426f9cc88, type: 3}
      propertyPath: m_Name
      value: LevelBlock
      objectReference: {fileID: 0}
    - target: {fileID: 4939291082442900, guid: 79d779433f4014344aafaba426f9cc88, type: 3}
      propertyPath: m_LocalPosition.x
      value: 0
      objectReference: {fileID: 0}
    - target: {fileID: 4939291082442900, guid: 79d779433f4014344aafaba426f9cc88, type: 3}
      propertyPath: m_LocalPosition.y
      value: 0
      objectReference: {fileID: 0}
    - target: {fileID: 4939291082442900, guid: 79d779433f4014344aafaba426f9cc88, type: 3}
      propertyPath: m_LocalPosition.z
      value: -4
      objectReference: {fileID: 0}
    - target: {fileID: 4939291082442900, guid: 79d779433f4014344aafaba426f9cc88, type: 3}
      propertyPath: m_LocalRotation.x
      value: -0
      objectReference: {fileID: 0}
    - target: {fileID: 4939291082442900, guid: 79d779433f4014344aafaba426f9cc88, type: 3}
      propertyPath: m_LocalRotation.y
      value: -0
      objectReference: {fileID: 0}
    - target: {fileID: 4939291082442900, guid: 79d779433f4014344aafaba426f9cc88, type: 3}
      propertyPath: m_LocalRotation.z
      value: -0
      objectReference: {fileID: 0}
    - target: {fileID: 4939291082442900, guid: 79d779433f4014344aafaba426f9cc88, type: 3}
      propertyPath: m_LocalRotation.w
      value: 1
      objectReference: {fileID: 0}
    - target: {fileID: 4939291082442900, guid: 79d779433f4014344aafaba426f9cc88, type: 3}
      propertyPath: m_RootOrder
      value: 24
      objectReference: {fileID: 0}
    m_RemovedComponents: []
  m_SourcePrefab: {fileID: 100100000, guid: 79d779433f4014344aafaba426f9cc88, type: 3}
--- !u!4 &1839387735 stripped
Transform:
  m_CorrespondingSourceObject: {fileID: 4939291082442900, guid: 79d779433f4014344aafaba426f9cc88,
    type: 3}
  m_PrefabInstance: {fileID: 1839387734}
  m_PrefabAsset: {fileID: 0}
--- !u!1001 &1869370386
PrefabInstance:
  m_ObjectHideFlags: 0
  serializedVersion: 2
  m_Modification:
    m_TransformParent: {fileID: 0}
    m_Modifications:
    - target: {fileID: 4009622033390832, guid: 99334f0ccf1fe4045b0f8effd19d04ab, type: 3}
      propertyPath: m_LocalPosition.x
      value: -3
      objectReference: {fileID: 0}
    - target: {fileID: 4009622033390832, guid: 99334f0ccf1fe4045b0f8effd19d04ab, type: 3}
      propertyPath: m_LocalPosition.y
      value: 1.2
      objectReference: {fileID: 0}
    - target: {fileID: 4009622033390832, guid: 99334f0ccf1fe4045b0f8effd19d04ab, type: 3}
      propertyPath: m_LocalPosition.z
      value: -4
      objectReference: {fileID: 0}
    - target: {fileID: 4009622033390832, guid: 99334f0ccf1fe4045b0f8effd19d04ab, type: 3}
      propertyPath: m_LocalRotation.x
      value: 0.5
      objectReference: {fileID: 0}
    - target: {fileID: 4009622033390832, guid: 99334f0ccf1fe4045b0f8effd19d04ab, type: 3}
      propertyPath: m_LocalRotation.y
      value: 0.5
      objectReference: {fileID: 0}
    - target: {fileID: 4009622033390832, guid: 99334f0ccf1fe4045b0f8effd19d04ab, type: 3}
      propertyPath: m_LocalRotation.z
      value: 0.5
      objectReference: {fileID: 0}
    - target: {fileID: 4009622033390832, guid: 99334f0ccf1fe4045b0f8effd19d04ab, type: 3}
      propertyPath: m_LocalRotation.w
      value: -0.5
      objectReference: {fileID: 0}
    - target: {fileID: 4009622033390832, guid: 99334f0ccf1fe4045b0f8effd19d04ab, type: 3}
      propertyPath: m_RootOrder
      value: 0
      objectReference: {fileID: 0}
    - target: {fileID: 33055603451899722, guid: 99334f0ccf1fe4045b0f8effd19d04ab,
        type: 3}
      propertyPath: m_Mesh
      value: 
      objectReference: {fileID: 4300000, guid: 9d0e73dbf5dfc6e4e800cbe52651ac4d, type: 3}
    m_RemovedComponents: []
  m_SourcePrefab: {fileID: 100100000, guid: 99334f0ccf1fe4045b0f8effd19d04ab, type: 3}
--- !u!1001 &1910421040
PrefabInstance:
  m_ObjectHideFlags: 0
  serializedVersion: 2
  m_Modification:
    m_TransformParent: {fileID: 1664473654}
    m_Modifications:
    - target: {fileID: 1777424294477136, guid: 79d779433f4014344aafaba426f9cc88, type: 3}
      propertyPath: m_Name
      value: LevelBlock
      objectReference: {fileID: 0}
    - target: {fileID: 4939291082442900, guid: 79d779433f4014344aafaba426f9cc88, type: 3}
      propertyPath: m_LocalPosition.x
      value: -1
      objectReference: {fileID: 0}
    - target: {fileID: 4939291082442900, guid: 79d779433f4014344aafaba426f9cc88, type: 3}
      propertyPath: m_LocalPosition.y
      value: 0
      objectReference: {fileID: 0}
    - target: {fileID: 4939291082442900, guid: 79d779433f4014344aafaba426f9cc88, type: 3}
      propertyPath: m_LocalPosition.z
      value: 0
      objectReference: {fileID: 0}
    - target: {fileID: 4939291082442900, guid: 79d779433f4014344aafaba426f9cc88, type: 3}
      propertyPath: m_LocalRotation.x
      value: -0
      objectReference: {fileID: 0}
    - target: {fileID: 4939291082442900, guid: 79d779433f4014344aafaba426f9cc88, type: 3}
      propertyPath: m_LocalRotation.y
      value: -0
      objectReference: {fileID: 0}
    - target: {fileID: 4939291082442900, guid: 79d779433f4014344aafaba426f9cc88, type: 3}
      propertyPath: m_LocalRotation.z
      value: -0
      objectReference: {fileID: 0}
    - target: {fileID: 4939291082442900, guid: 79d779433f4014344aafaba426f9cc88, type: 3}
      propertyPath: m_LocalRotation.w
      value: 1
      objectReference: {fileID: 0}
    - target: {fileID: 4939291082442900, guid: 79d779433f4014344aafaba426f9cc88, type: 3}
      propertyPath: m_RootOrder
      value: 1
      objectReference: {fileID: 0}
    m_RemovedComponents: []
  m_SourcePrefab: {fileID: 100100000, guid: 79d779433f4014344aafaba426f9cc88, type: 3}
--- !u!4 &1910421041 stripped
Transform:
  m_CorrespondingSourceObject: {fileID: 4939291082442900, guid: 79d779433f4014344aafaba426f9cc88,
    type: 3}
  m_PrefabInstance: {fileID: 1910421040}
  m_PrefabAsset: {fileID: 0}
--- !u!1001 &2085447981
PrefabInstance:
  m_ObjectHideFlags: 0
  serializedVersion: 2
  m_Modification:
    m_TransformParent: {fileID: 1664473654}
    m_Modifications:
    - target: {fileID: 1777424294477136, guid: 79d779433f4014344aafaba426f9cc88, type: 3}
      propertyPath: m_Name
      value: LevelBlock
      objectReference: {fileID: 0}
    - target: {fileID: 4939291082442900, guid: 79d779433f4014344aafaba426f9cc88, type: 3}
      propertyPath: m_LocalPosition.x
      value: 1
      objectReference: {fileID: 0}
    - target: {fileID: 4939291082442900, guid: 79d779433f4014344aafaba426f9cc88, type: 3}
      propertyPath: m_LocalPosition.y
      value: 0
      objectReference: {fileID: 0}
    - target: {fileID: 4939291082442900, guid: 79d779433f4014344aafaba426f9cc88, type: 3}
      propertyPath: m_LocalPosition.z
      value: -4
      objectReference: {fileID: 0}
    - target: {fileID: 4939291082442900, guid: 79d779433f4014344aafaba426f9cc88, type: 3}
      propertyPath: m_LocalRotation.x
      value: -0
      objectReference: {fileID: 0}
    - target: {fileID: 4939291082442900, guid: 79d779433f4014344aafaba426f9cc88, type: 3}
      propertyPath: m_LocalRotation.y
      value: -0
      objectReference: {fileID: 0}
    - target: {fileID: 4939291082442900, guid: 79d779433f4014344aafaba426f9cc88, type: 3}
      propertyPath: m_LocalRotation.z
      value: -0
      objectReference: {fileID: 0}
    - target: {fileID: 4939291082442900, guid: 79d779433f4014344aafaba426f9cc88, type: 3}
      propertyPath: m_LocalRotation.w
      value: 1
      objectReference: {fileID: 0}
    - target: {fileID: 4939291082442900, guid: 79d779433f4014344aafaba426f9cc88, type: 3}
      propertyPath: m_RootOrder
      value: 25
      objectReference: {fileID: 0}
    m_RemovedComponents: []
  m_SourcePrefab: {fileID: 100100000, guid: 79d779433f4014344aafaba426f9cc88, type: 3}
--- !u!4 &2085447982 stripped
Transform:
  m_CorrespondingSourceObject: {fileID: 4939291082442900, guid: 79d779433f4014344aafaba426f9cc88,
    type: 3}
  m_PrefabInstance: {fileID: 2085447981}
  m_PrefabAsset: {fileID: 0}
